@inproceedings{omidvarTehrani2017,
author    = {Behrooz Omidvar{-}Tehrani and
Pl{\'{a}}cido A. Souza Neto and
Felipe M. Freire Pontes and
Francisco Bento},
title     = {GeoGuide: An Interactive Guidance Approach for Spatial Data},
booktitle = {2017 {IEEE} International Conference on Internet of Things (iThings)
		and {IEEE} Green Computing and Communications (GreenCom) and {IEEE}
		Cyber, Physical and Social Computing (CPSCom) and {IEEE} Smart Data
		(SmartData), Exeter, United Kingdom, June 21-23, 2017},
pages     = {1112--1117},
year      = {2017},
url       = {https://doi.org/10.1109/iThings-GreenCom-CPSCom-SmartData.2017.170},
doi       = {10.1109/iThings-GreenCom-CPSCom-SmartData.2017.170},
timestamp = {Wed, 11 Apr 2018 10:21:16 +0200},
biburl    = {https://dblp.org/rec/bib/conf/ithings/Omidvar-Tehrani17},
bibsource = {dblp computer science bibliography, https://dblp.org}
}

@article{ye2018,
title = "Spatial and temporal analysis of accommodation preference based on online reviews",
journal = "Journal of Destination Marketing & Management",
volume = "9",
pages = "288 - 299",
year = "2018",
issn = "2212-571X",
doi = "https://doi.org/10.1016/j.jdmm.2018.03.001",
url = "http://www.sciencedirect.com/science/article/pii/S2212571X17300495",
author = "Ben Haobin Ye and Jian Ming Luo and Huy Quan Vu",
keywords = "Spatial pattern, Seasonal pattern, Online reviews, Hotel location, Accommodation preference"
}

@article {kulendran2012,
	title = "Modeling Seasonal Variation in Tourism Flows with Climate Variables",
	journal = "Tourism Analysis",
	parent_itemid = "infobike://cog/ta",
	publishercode ="cog",
	year = "2012",
	volume = "17",
	number = "2",
	publication_date ="2012-03-01T00:00:00",
	pages = "121-137",
	itemtype = "ARTICLE",
	issn = "1083-5423",
	eissn = "1943-3999",
	url = "https://www.ingentaconnect.com/content/cog/ta/2012/00000017/00000002/art00002",
	doi = "doi:10.3727/108354212X13388995267706",
	keyword = "CLIMATE VARIABLES, AVERAGE EUCLIDEAN DISTANCE STATISTICS, AUSTRALIAN TOURISM, SEASONAL VARIATION, ARCH MODELING",
	author = "Kulendran, Nada and Dwyer, Larry"
}

@article{mijovic2016,
	title = "Exploratory spatio-temporal analysis of linked statistical data",
	journal = "Web Semantics: Science, Services and Agents on the World Wide Web",
	volume = "41",
	pages = "1 - 8",
	year = "2016",
	issn = "1570-8268",
	doi = "https://doi.org/10.1016/j.websem.2016.10.002",
	url = "http://www.sciencedirect.com/science/article/pii/S1570826816300488",
	author = "Vuk Mijović and Valentina Janev and Dejan Paunović and Sanja Vraneš",
	keywords = "Linked data, Statistics, Spatio-temporal, Exploration, Visualization, Interoperability"
}

@article{chidean2018,
	title = "Spatio-temporal analysis of wind resource in the Iberian Peninsula with data-coupled clustering",
	journal = "Renewable and Sustainable Energy Reviews",
	volume = "81",
	pages = "2684 - 2694",
	year = "2018",
	issn = "1364-0321",
	doi = "https://doi.org/10.1016/j.rser.2017.06.075",
	url = "http://www.sciencedirect.com/science/article/pii/S1364032117310080",
	author = "Mihaela I. Chidean and Antonio J. Caamaño and Julio Ramiro-Bargueño and Carlos Casanova-Mateo and Sancho Salcedo-Sanz",
	keywords = "Wind resource, Wind energy production, Spatio-temporal analysis, SODCC clustering"
}

@article{zheng2018,
	title = "Spatial–temporal travel pattern mining using massive taxi trajectory data",
	journal = "Physica A: Statistical Mechanics and its Applications",
	volume = "501",
	pages = "24 - 41",
	year = "2018",
	issn = "0378-4371",
	doi = "https://doi.org/10.1016/j.physa.2018.02.064",
	url = "http://www.sciencedirect.com/science/article/pii/S0378437118301419",
	author = "Linjiang Zheng and Dong Xia and Xin Zhao and Longyou Tan and Hang Li and Li Chen and Weining Liu",
	keywords = "Spatial–temporal, Attractive area, Grid-based clustering, Hot path, Trajectory clustering"
}

@inproceedings{wang2006,
	author = {Wang, Xuerui and McCallum, Andrew},
	title = {Topics over Time: A non-Markov Continuous-time Model of Topical Trends},
	booktitle = {Proceedings of the 12th ACM SIGKDD International Conference on Knowledge Discovery and Data Mining},
	series = {KDD '06},
	year = {2006},
	isbn = {1-59593-339-5},
	location = {Philadelphia, PA, USA},
	pages = {424--433},
	numpages = {10},
	url = {http://doi.acm.org/10.1145/1150402.1150450},
	doi = {10.1145/1150402.1150450},
	acmid = {1150450},
	publisher = {ACM},
	address = {New York, NY, USA},
	keywords = {graphical models, temporal analysis, topic modeling},
}

@article{swan2000,
	author="SWAN, R.",
	title="TimeMines : Constructing Timelines with Statistical Models of Word Usage",
	journal="Proc. of the KDD-2000 Workshop on Text Mining",
	ISSN="",
	publisher="",
	year="2000",
	month="",
	volume="",
	number="",
	pages="",
	URL="https://ci.nii.ac.jp/naid/10018075194/en/",
	DOI="",
}

@inproceedings{kamath2013,
	author = {Kamath, Krishna Y. and Caverlee, James},
	title = {Spatio-temporal Meme Prediction: Learning What Hashtags Will Be Popular Where},
	booktitle = {Proceedings of the 22Nd ACM International Conference on Information \& Knowledge Management},
	series = {CIKM '13},
	year = {2013},
	isbn = {978-1-4503-2263-8},
	location = {San Francisco, California, USA},
	pages = {1341--1350},
	numpages = {10},
	url = {http://doi.acm.org/10.1145/2505515.2505579},
	doi = {10.1145/2505515.2505579},
	acmid = {2505579},
	publisher = {ACM},
	address = {New York, NY, USA},
	keywords = {social media, spatial impact, spatio-temporal analysis},
}

@inproceedings{wang2016,
	author = {Wang, Hongjian and Kifer, Daniel and Graif, Corina and Li, Zhenhui},
	title = {Crime Rate Inference with Big Data},
	booktitle = {Proceedings of the 22Nd ACM SIGKDD International Conference on Knowledge Discovery and Data Mining},
	series = {KDD '16},
	year = {2016},
	isbn = {978-1-4503-4232-2},
	location = {San Francisco, California, USA},
	pages = {635--644},
	numpages = {10},
	url = {http://doi.acm.org/10.1145/2939672.2939736},
	doi = {10.1145/2939672.2939736},
	acmid = {2939736},
	publisher = {ACM},
	address = {New York, NY, USA},
	keywords = {big data, crime inference, heterogeneous data, spatial-temporal data},
}

@article{tomoki2010,
	author = {Nakaya Tomoki and Yano Keiji},
	title = {Visualising Crime Clusters in a Space-time Cube: An Exploratory Data-analysis Approach Using Space-time Kernel Density Estimation and Scan Statistics},
	journal = {Transactions in GIS},
	volume = {14},
	number = {3},
	year = {2010},
	pages = {223-239},
	doi = {10.1111/j.1467-9671.2010.01194.x},
	url = {https://onlinelibrary.wiley.com/doi/abs/10.1111/j.1467-9671.2010.01194.x},
	eprint = {https://onlinelibrary.wiley.com/doi/pdf/10.1111/j.1467-9671.2010.01194.x},
	abstract = {Abstract For an effective interpretation of spatio-temporal patterns of crime clusters/hotspots, we explore the possibility of three-dimensional mapping of crime events in a space-time cube with the aid of space-time variants of kernel density estimation and scan statistics. Using the crime occurrence dataset of snatch-and-run offences in Kyoto City from 2003 to 2004, we confirm that the proposed methodology enables simultaneous visualisation of the geographical extent and duration of crime clusters, by which stable and transient space-time crime clusters can be intuitively differentiated. Also, the combined use of the two statistical techniques revealed temporal inter-cluster associations showing that transient clusters alternatively appeared in a pair of hotspot regions, suggesting a new type of “displacement” phenomenon of crime. Highlighting the complementary aspects of the two space-time statistical approaches, we conclude that combining these approaches in a space-time cube display is particularly valuable for a spatio-temporal exploratory data analysis of clusters to extract new knowledge of crime epidemiology from a data set of space-time crime events.}
}

@inproceedings{nara2007,
	author = {Nara, Atsushi and Torrens, Paul M.},
	title = {Spatial and Temporal Analysis of Pedestrian Egress Behavior and Efficiency},
	booktitle = {Proceedings of the 15th Annual ACM International Symposium on Advances in Geographic Information Systems},
	series = {GIS '07},
	year = {2007},
	isbn = {978-1-59593-914-2},
	location = {Seattle, Washington},
	pages = {59:1--59:4},
	articleno = {59},
	numpages = {4},
	url = {http://doi.acm.org/10.1145/1341012.1341083},
	doi = {10.1145/1341012.1341083},
	acmid = {1341083},
	publisher = {ACM},
	address = {New York, NY, USA},
	keywords = {GIS, GPS, fractal, pedestrian behavior, spatial analysis, spatio-temporal},
}

@inproceedings{ma2017,
	author = {Ma, Jong Won and Ju, Sungha and Nguyen, Hieu Minh and Yun, Sung Bum and Yoon, Sanghyun and Heo, Joon},
	title = {Spatio-temporal Factor Analysis of Characterizing Mass Protest Events Using Taxi Trajectory in Seoul, Korea},
	booktitle = {Proceedings of the 1st ACM SIGSPATIAL Workshop on Analytics for Local Events and News},
	series = {LENS'17},
	year = {2017},
	isbn = {978-1-4503-5500-1},
	location = {Redondo Beach, CA, USA},
	pages = {6:1--6:7},
	articleno = {6},
	numpages = {7},
	url = {http://doi.acm.org/10.1145/3148044.3148050},
	doi = {10.1145/3148044.3148050},
	acmid = {3148050},
	publisher = {ACM},
	address = {New York, NY, USA},
	keywords = {Event Characterization, Factor Analysis, Spatial data, Taxi trajectory},
}

@INPROCEEDINGS{lopestexeira2018,
	author={D. Lopes-Teixeira and F. Batista and R. Ribeiro},
	booktitle={2018 13th Iberian Conference on Information Systems and Technologies (CISTI)},
	title={Spatio-temporal analysis of brand interest using social networks},
	year={2018},
	volume={},
	number={},
	pages={1-6},
	keywords={Databases;Diseases;Market research;Real-time systems;Twitter;Urban areas;Brand Interest;Geographical Analysis;Social Networks;Spatio-Temporal Analysis;Temporal Analysis;Twitter},
	doi={10.23919/CISTI.2018.8399241},
	ISSN={},
	month={June},}

@INPROCEEDINGS{ghahramani2018,
	author={M. Ghahramani and M. Zhou and C. T. Hon},
	booktitle={2018 IEEE 15th International Conference on Networking, Sensing and Control (ICNSC)},
	title={Spatio-temporal analysis of mobile phone data for interaction recognition},
	year={2018},
	volume={},
	number={},
	pages={1-6},
	keywords={interactive systems;mobile computing;mobile handsets;spatiotemporal phenomena;telecommunication traffic;Call Detail Records;content distribution;interaction recognition;intra-polygon interaction;mobile phone calls;mobile phone data;network planning;spatio-temporal analysis;spatio-temporal data;spatio-temporal interaction communities;traffic estimation;Data analysis;Data visualization;Diseases;Mobile handsets;Spatial databases;Transportation;Urban areas},
	doi={10.1109/ICNSC.2018.8361374},
	ISSN={},
	month={March},}

@INPROCEEDINGS{sun2017,
	author={H. Sun and Y. Jiao and J. Han and C. Wang},
	booktitle={2017 IEEE 17th International Conference on Communication Technology (ICCT)},
	title={A novel temporal-spatial analysis system for QAR big data},
	year={2017},
	volume={},
	number={},
	pages={1238-1241},
	keywords={Big Data;aerospace computing;aerospace safety;data mining;geographic information systems;quality assurance;statistical analysis;time series;FOQA;QAR big data;deep-level mining;dynamic spatiotemporal statistical analysis algorithm;exceedance events;flight data;flight operational quality assurance;flight quality monitoring information;spatial-temporal distribution;statistical methods;temporal geography information system;temporal-spatial analysis system;time-snapshot-time series-space-time evolution model;unsafety events;Aircraft;Airports;Correlation;Geographic information systems;Safety;Springs;Statistical analysis;QAR big data;flight operational quality assurance;spatial-temporal analysis;temporal GIS},
	doi={10.1109/ICCT.2017.8359833},
	ISSN={},
	month={Oct},}

@INPROCEEDINGS{zhan2017,
	author={X. Zhan and Y. Ye and Y. Zhuo and B. Shi and Y. Ren and W. Hu},
	booktitle={2017 International Conference on Security, Pattern Analysis, and Cybernetics (SPAC)},
	title={Spatial-temporal analysis on bird habitat discovery in China},
	year={2017},
	volume={},
	number={},
	pages={573-578},
	keywords={biology computing;data mining;pattern clustering;trees (mathematics);zoology;Anseriformes habitats;Spatial-temporal analysis;animal habitat conservation;avian influenza control;bird habitat discovery;bird habitats/stopovers;bird observation;bird-watching data;data mining techniques;hierarchical cluster tree;improved hierarchical clustering algorithm;kernel smoothing method;migrant birds;migration patterns;migratory birds;spatial cluster;spatial distribution;temporal distribution;Birds;Clustering algorithms;Data mining;Kernel;Partitioning algorithms;Pattern analysis;Security},
	doi={10.1109/SPAC.2017.8304343},
	ISSN={},
	month={Dec},}

@INPROCEEDINGS{kumar2017,
	author={H. Kumar and H. Kaur},
	booktitle={2017 International Conference on Infocom Technologies and Unmanned Systems (Trends and Future Directions) (ICTUS)},
	title={Clustering and ranking social media users based on temporal analysis},
	year={2017},
	volume={},
	number={},
	pages={271-275},
	keywords={data mining;expectation-maximisation algorithm;feature extraction;information retrieval;pattern clustering;social networking (online);Expectation Maximization;Facebook;Hierarchical clustering;Social Media platform;Temporal data;Temporal information retrieval;XMeans;data mining toolkit WEKA;feature extraction;hierarchical clustering algorithm;inter cluster similarity;intra cluster similarity;ranking technique;single cluster making analysis;social media users clustering;social media users ranking;temporal analysis;temporal dimension;Clustering algorithms;Data mining;Facebook;Feature extraction;Partitioning algorithms;Facebook Platform;Social Media;Temporal Clustering;Temporal Ranking;Time Normalization},
	doi={10.1109/ICTUS.2017.8286018},
	ISSN={},
	month={Dec},}

@inproceedings{allan2001,
	author = {Allan, James and Gupta, Rahul and Khandelwal, Vikas},
	title = {Temporal Summaries of New Topics},
	booktitle = {Proceedings of the 24th Annual International ACM SIGIR Conference on Research and Development in Information Retrieval},
	series = {SIGIR '01},
	year = {2001},
	isbn = {1-58113-331-6},
	location = {New Orleans, Louisiana, USA},
	pages = {10--18},
	numpages = {9},
	url = {http://doi.acm.org/10.1145/383952.383954},
	doi = {10.1145/383952.383954},
	acmid = {383954},
	publisher = {ACM},
	address = {New York, NY, USA},
	keywords = {experimental design, metrics, summarization},
}

@INPROCEEDINGS{balahadia2017,
	author={F. F. Balahadia and A. O. Trillanes},
	booktitle={2017 IEEE Region 10 Symposium (TENSYMP)},
	title={Improving fire services using spatio-temporal analysis: Fire incidents in manila},
	year={2017},
	volume={},
	number={},
	pages={1-5},
	keywords={environmental factors;fires;City of Manila;decision makers;effective fire management plan;faulty electrical connections;fire data;fire incidence;fire incidents;fire occurrences;fire service;fire services;geo-visualization techniques;prediction model;recorded fires;spatio-temporal analysis;Biological system modeling;Fires;IEEE Regions;Sociology;Statistics;Tools;Urban areas;citizen;e-commerce;e-government;e-participation;local government units;portal;public services;website},
	doi={10.1109/TENCONSpring.2017.8070013},
	ISSN={},
	month={July},}

@INPROCEEDINGS{baculo2017,
	author={M. J. C. Baculo and C. S. Marzan and R. de Dios Bulos and C. Ruiz},
	booktitle={2017 2nd IEEE International Conference on Computational Intelligence and Applications (ICCIA)},
	title={Geospatial-temporal analysis and classification of criminal data in Manila},
	year={2017},
	volume={},
	number={},
	pages={6-11},
	keywords={data analysis;estimation theory;geographic information systems;law administration;pattern classification;police data processing;ArcGIS 10;Manila;crime patterns;crime prediction;criminal activity forecasting;criminal data classification;geospatial analysis;kernel density estimation;law enforcement agencies;spatiotemporal hotspots;temporal analysis;Algorithm design and analysis;Classification algorithms;Data mining;Geospatial analysis;Law enforcement;Prediction algorithms;Urban areas;classifiers;crime analysis;predictive methods},
	doi={10.1109/CIAPP.2017.8167050},
	ISSN={},
	month={Sept},}


%%%%%%%%%%%%%%%%%%%%%%%%%%%%%%%%%%%%%%%%%%%%%%%%%%%%%%%%
%%%%%%%%%%%%%%%%%%%%% VLDB REFERENCES %%%%%%%%%%%%%%%%%%
%%%%%%%%%%%%%%%%%%%%%%%%%%%%%%%%%%%%%%%%%%%%%%%%%%%%%%%%
%%%%%%%%%%%%%%%%%%%%%%%%%%%%%%%%%%%%%%%
%%%%%%%%%%%%%%%%%%% POLYGON PAPERS %%%%%%%%
%%%%%%%%%%%%%%%%%%%%%%%%%%%%%%%%%%%%%%%

% Locating a Point on a Spherical Surface Relative to a Spherical Polygon of Arbitrary Shape

@Article{Bevis1989,
author="Bevis, Michael
and Chatelain, Jean-Luc",
title="Locating a point on a spherical surface relative to a spherical polygon of arbitrary shape",
journal="Mathematical Geology",
year="1989",
month="Oct",
day="01",
volume="21",
number="8",
pages="811--828",
abstract="An algorithm for determining if any given point,P, on the surface of a sphere is located inside, outside, or along the border of an arbitrary spherical polygon,S, is described. The polygon is described by specifying coordinates of its vertices, and coordinates of some pointX which is known to lie withinS. The algorithm is based on the principle that an arc joiningX andP will cross the border ofS an odd number of times ifP lies outsideS, and an even number of times ifP lies withinS. The algorithm has been implemented as a set of FORTRAN subroutines, and a listing is provided. The algorithm and subroutine package can be used with spherical polygons containing holes, or with composited spherical polygons.",
issn="1573-8868",
doi="10.1007/BF00894449",
url="https://doi.org/10.1007/BF00894449"
}



%%%%%%%%%%%%%%%%%%%%%%%%%%%%%%%%%%%%%%%
%%%%% CREATING POLYGON FROM POINTS PAPERS %%%%%%
%%%%%%%%%%%%%%%%%%%%%%%%%%%%%%%%%%%%%%%

@article{DUCKHAM2008,
title = "Efficient generation of simple polygons for characterizing the shape of a set of points in the plane",
journal = "Pattern Recognition",
volume = "41",
number = "10",
pages = "3224 - 3236",
year = "2008",
issn = "0031-3203",
doi = "https://doi.org/10.1016/j.patcog.2008.03.023",
url = "http://www.sciencedirect.com/science/article/pii/S0031320308001180",
author = "Matt Duckham and Lars Kulik and Mike Worboys and Antony Galton",
keywords = "Convex hull, Alpha shape, Shape analysis, Cartography, GIS"
}

@article{FADILI2004,
title = "Non-convex onion-peeling using a shape hull algorithm",
journal = "Pattern Recognition Letters",
volume = "25",
number = "14",
pages = "1577 - 1585",
year = "2004",
issn = "0167-8655",
doi = "https://doi.org/10.1016/j.patrec.2004.05.015",
url = "http://www.sciencedirect.com/science/article/pii/S0167865504001199",
author = "M.J. Fadili and M. Melkemi and A. ElMoataz",
keywords = "Onion-peeling, Non-convex shapes, -shape, Robust statistics"
}

@article{ARAMPATZIS2006,
title = "Web-based delineation of imprecise regions",
journal = "Computers, Environment and Urban Systems",
volume = "30",
number = "4",
pages = "436 - 459",
year = "2006",
note = "Geographic Information Retrieval (GIR)",
issn = "0198-9715",
doi = "https://doi.org/10.1016/j.compenvurbsys.2005.08.001",
url = "http://www.sciencedirect.com/science/article/pii/S019897150500058X",
author = "Avi Arampatzis and Marc van Kreveld and Iris Reinbacher and Christopher B. Jones and Subodh Vaid and Paul Clough and Hideo Joho and Mark Sanderson",
keywords = "Geographical information systems (GIS), World-Wide Web (WWW), Imprecise regions, Fuzzy boundaries, Geometric algorithms"
}

@InProceedings{Galton2006,
author="Galton, Antony
and Duckham, Matt",
editor="Raubal, Martin
and Miller, Harvey J.
and Frank, Andrew U.
and Goodchild, Michael F.",
title="What Is the Region Occupied by a Set of Points?",
booktitle="Geographic Information Science",
year="2006",
publisher="Springer Berlin Heidelberg",
address="Berlin, Heidelberg",
pages="81--98",
abstract="There are many situations in GIScience where it would be useful to be able to assign a region to characterize the space occupied by a set of points. Such a region should represent the location or configuration of the points as an aggregate, abstracting away from the individual points themselves. In this paper, we call such a region a `footprint' for the points. We investigate and compare a number of methods for producing such footprints, with respect to nine general criteria. The discussion identifies a number of potential choices and avenues for further research. Finally, we contrast the related research already conducted in this area, highlighting differences between these existing constructs and our `footprints'.",
isbn="978-3-540-44528-9"
}

%%%%%%%%%%%%%%%%%%%%%%%%%%%%%%%%%%%%%%%
@inproceedings{Chen:2001,
 author = {Chen, Mon Chu and Anderson, John R. and Sohn, Myeong Ho},
 title = {What Can a Mouse Cursor Tell Us More?: Correlation of Eye/Mouse Movements on Web Browsing},
 booktitle = {CHI '01 Extended Abstracts on Human Factors in Computing Systems},
 series = {CHI EA '01},
 year = {2001},
 isbn = {1-58113-340-5},
 location = {Seattle, Washington},
 pages = {281--282},
 numpages = {2},
 url = {http://doi.acm.org/10.1145/634067.634234},
 doi = {10.1145/634067.634234},
 acmid = {634234},
 publisher = {ACM},
 address = {New York, NY, USA},
 keywords = {cursor, eye movements, eye tracking, gaze, mouse movements, web evaluation},
} 

@inproceedings{AoidhBW07,
  author    = {Eoin Mac Aoidh and
               Michela Bertolotto and
               David C. Wilson},
  title     = {Analysis of implicit interest indicators for spatial data},
  booktitle = {15th {ACM} International Symposium on Geographic Information Systems,
               {ACM-GIS} 2007, November 7-9, 2007, Seattle, Washington, USA, Proceedings},
  pages     = {47},
  year      = {2007},
  url       = {http://doi.acm.org/10.1145/1341012.1341071},
  doi       = {10.1145/1341012.1341071},
  timestamp = {Thu, 11 Apr 2013 15:21:21 +0200},
  biburl    = {https://dblp.org/rec/bib/conf/gis/AoidhBW07},
  bibsource = {dblp computer science bibliography, https://dblp.org}
}

@InProceedings{Ballatore2008,
author="Ballatore, Andrea
and Bertolotto, Michela",
editor="Tanaka, Katsumi
and Fr{\"o}hlich, Peter
and Kim, Kyoung-Sook",
title="Semantically Enriching VGI in Support of Implicit Feedback Analysis",
booktitle="Web and Wireless Geographical Information Systems",
year="2011",
publisher="Springer Berlin Heidelberg",
address="Berlin, Heidelberg",
pages="78--93",
abstract="In recent years, the proliferation of Volunteered Geographic Information (VGI) has enabled many Internet users to contribute to the construction of rich and increasingly complex spatial datasets. This growth of geo-referenced information and the often loose semantic structure of such data have resulted in spatial information overload. For this reason, a semantic gap has emerged between unstructured geo-spatial datasets and high-level ontological concepts. Filling this semantic gap can help reduce spatial information overload, therefore facilitating both user interactions and the analysis of such interaction. Implicit Feedback analysis is the focus of our work. In this paper we address this problem by proposing a system that executes spatial discovery queries. Our system combines a semantically-rich and spatially-poor ontology (DBpedia) with a spatially-rich and semantically-poor VGI dataset (OpenStreetMap). This technique differs from existing ones, such as the aggregated dataset LinkedGeoData, as it is focused on user interest analysis and takes map scale into account. System architecture, functionality and preliminary results gathered about the system performance are discussed.",
isbn="978-3-642-19173-2"
}

@inproceedings{Liu:2010,
 author = {Liu, Nathan N. and Xiang, Evan W. and Zhao, Min and Yang, Qiang},
 title = {Unifying Explicit and Implicit Feedback for Collaborative Filtering},
 booktitle = {Proceedings of the 19th ACM International Conference on Information and Knowledge Management},
 series = {CIKM '10},
 year = {2010},
 isbn = {978-1-4503-0099-5},
 location = {Toronto, ON, Canada},
 pages = {1445--1448},
 numpages = {4},
 url = {http://doi.acm.org/10.1145/1871437.1871643},
 doi = {10.1145/1871437.1871643},
 acmid = {1871643},
 publisher = {ACM},
 address = {New York, NY, USA},
 keywords = {explicit feedback, implicit feedback, ranking},
} 

@article{Barber:1996,
 author = {Barber, C. Bradford and Dobkin, David P. and Huhdanpaa, Hannu},
 title = {The Quickhull Algorithm for Convex Hulls},
 journal = {ACM Trans. Math. Softw.},
 issue_date = {Dec. 1996},
 volume = {22},
 number = {4},
 month = dec,
 year = {1996},
 issn = {0098-3500},
 pages = {469--483},
 numpages = {15},
 url = {http://doi.acm.org/10.1145/235815.235821},
 doi = {10.1145/235815.235821},
 acmid = {235821},
 publisher = {ACM},
 address = {New York, NY, USA},
 keywords = {Delaunay triangulation, Voronoi diagram, convex hull, halfspace intersection},
} 

@inproceedings{Shi:2016,
 author = {Shi, Youying and Hendawi, Abdeltawab M. and Fattah, Hossam and Ali, Mohamed},
 title = {RxSpatial: Reactive Spatial Library for Real-Time Location Tracking and Processing},
 booktitle = {Proceedings of the 2016 International Conference on Management of Data},
 series = {SIGMOD '16},
 year = {2016},
 isbn = {978-1-4503-3531-7},
 location = {San Francisco, California, USA},
 pages = {2165--2168},
 numpages = {4},
 url = {http://doi.acm.org/10.1145/2882903.2899411},
 doi = {10.1145/2882903.2899411},
 acmid = {2899411},
 publisher = {ACM},
 address = {New York, NY, USA},
 keywords = {GIS, location aware services, moving objects, reactive spatial, spatial database, spatial library, spatio-temporal data},
} 

@article{Guting:1994,
 author = {G\"{u}ting, Ralf Hartmut},
 title = {An Introduction to Spatial Database Systems},
 journal = {The VLDB Journal},
 issue_date = {October 1994},
 volume = {3},
 number = {4},
 month = oct,
 year = {1994},
 issn = {1066-8888},
 pages = {357--399},
 numpages = {43},
 url = {http://dl.acm.org/citation.cfm?id=615204.615206},
 acmid = {615206},
 publisher = {Springer-Verlag New York, Inc.},
 address = {Secaucus, NJ, USA},
} 

@article{EGENHOFER91,
author = { MAX J.   EGENHOFER  and  ROBERT D.   FRANZOSA },
title = {Point-set topological spatial relations},
journal = {International Journal of Geographical Information Systems},
volume = {5},
number = {2},
pages = {161-174},
year  = {1991},
publisher = {Taylor & Francis},
doi = {10.1080/02693799108927841},

URL = { 
        https://doi.org/10.1080/02693799108927841
    
},
eprint = { 
        https://doi.org/10.1080/02693799108927841
    
}

}

@inproceedings{OhsawaHW16,
  author    = {Yutaka Ohsawa and
               Htoo Htoo and
               Tin Nilar Win},
  title     = {Continuous Trip Route Planning Queries},
  booktitle = {Advances in Databases and Information Systems - 20th East European
               Conference, {ADBIS} 2016, Prague, Czech Republic, August 28-31, 2016,
               Proceedings},
  pages     = {198--211},
  year      = {2016},
  crossref  = {DBLP:conf/adbis/2016},
  url       = {https://doi.org/10.1007/978-3-319-44039-2_14},
  doi       = {10.1007/978-3-319-44039-2_14},
  timestamp = {Sun, 21 May 2017 00:20:44 +0200},
  biburl    = {https://dblp.org/rec/bib/conf/adbis/OhsawaHW16},
  bibsource = {dblp computer science bibliography, https://dblp.org}
}

@inproceedings{SousaM11,
  author    = {Diego Victor Sim{\~{o}}es de Sousa and
               Jos{\'{e}} Ant{\^{o}}nio Fernandes de Mac{\^{e}}do},
  title     = {Uma Linguagem para Correspond{\^{e}}ncia de Padr{\~{o}}es Espa{\c{c}}o-temporais
               em Trajet{\'{o}}rias Sem{\^{a}}nticas},
  booktitle = {{XXVI} Simp{\'{o}}sio Brasileiro de Banco de Dados - Short Papers,
               Florian{\'{o}}polis, Santa Catarina, Brasil, October 3-6, 2011.},
  pages     = {57--64},
  year      = {2011},
  crossref  = {DBLP:conf/sbbd/2011s},
  url       = {http://www.lbd.dcc.ufmg.br/colecoes/sbbd/2011/0019.pdf},
  timestamp = {Tue, 21 Jun 2016 07:39:56 +0200},
  biburl    = {https://dblp.org/rec/bib/conf/sbbd/SousaM11},
  bibsource = {dblp computer science bibliography, https://dblp.org}
}

@inproceedings{SilvaC14,
  author    = {Afonso Expedito Da Silva and
               Robson L. F. Cordeiro},
  title     = {Halite-ds: Agrupamento de Dados em Subespa{\c{c}}os de S{\'{e}}ries
               Temporais Multidimensionais},
  booktitle = {{XXIX} Simp{\'{o}}sio Brasileiro de Banco de Dados, {SBBD} 2014,
               Curitiba, Paran{\'{a}}, Brasil, October 6-9, 2014.},
  pages     = {97--106},
  year      = {2014},
  crossref  = {DBLP:conf/sbbd/2014},
  url       = {http://www.lbd.dcc.ufmg.br/colecoes/sbbd/2014/009.pdf},
  timestamp = {Sat, 25 Jun 2016 19:48:39 +0200},
  biburl    = {https://dblp.org/rec/bib/conf/sbbd/SilvaC14},
  bibsource = {dblp computer science bibliography, https://dblp.org}
}

@inproceedings{Arapakis:2014,
 author = {Arapakis, Ioannis and Lalmas, Mounia and Valkanas, George},
 title = {Understanding Within-Content Engagement Through Pattern Analysis of Mouse Gestures},
 booktitle = {Proceedings of the 23rd ACM International Conference on Conference on Information and Knowledge Management},
 series = {CIKM '14},
 year = {2014},
 isbn = {978-1-4503-2598-1},
 location = {Shanghai, China},
 pages = {1439--1448},
 numpages = {10},
 url = {http://doi.acm.org/10.1145/2661829.2661909},
 doi = {10.1145/2661829.2661909},
 acmid = {2661909},
 publisher = {ACM},
 address = {New York, NY, USA},
 keywords = {mouse gestures, online news, pattern recognition, prediction, user engagement},
} 

@Article{Robertson2007,
author="Robertson, Colin
and Nelson, Trisalyn A.
and Boots, Barry
and Wulder, Michael A.",
title="STAMP: spatial--temporal analysis of moving polygons",
journal="Journal of Geographical Systems",
year="2007",
month="Sep",
day="01",
volume="9",
number="3",
pages="207--227",
issn="1435-5949",
doi="10.1007/s10109-007-0044-2",
url="https://doi.org/10.1007/s10109-007-0044-2"
}

@article{Birant:2007,
 author = {Birant, Derya and Kut, Alp},
 title = {ST-DBSCAN: An Algorithm for Clustering Spatial-temporal Data},
 journal = {Data Knowl. Eng.},
 issue_date = {January, 2007},
 volume = {60},
 number = {1},
 month = jan,
 year = {2007},
 issn = {0169-023X},
 pages = {208--221},
 numpages = {14},
 url = {http://dx.doi.org/10.1016/j.datak.2006.01.013},
 doi = {10.1016/j.datak.2006.01.013},
 acmid = {1219397},
 publisher = {Elsevier Science Publishers B. V.},
 address = {Amsterdam, The Netherlands, The Netherlands},
 keywords = {Algorithms, Cluster analysis, Cluster visualization, Data mining, Spatial-temporal data},
} 

@inproceedings{Ester:1996,
 author = {Ester, Martin and Kriegel, Hans-Peter and Sander, J\"{o}rg and Xu, Xiaowei},
 title = {A Density-based Algorithm for Discovering Clusters a Density-based Algorithm for Discovering Clusters in Large Spatial Databases with Noise},
 booktitle = {Proceedings of the Second International Conference on Knowledge Discovery and Data Mining},
 series = {KDD'96},
 year = {1996},
 location = {Portland, Oregon},
 pages = {226--231},
 numpages = {6},
 url = {http://dl.acm.org/citation.cfm?id=3001460.3001507},
 acmid = {3001507},
 publisher = {AAAI Press},
 keywords = {arbitrary shape of clusters, clustering algorithms, efficiency on large spatial databases, handling nlj4-275oise},
} 


@article{RoddickEHPS04,
  author    = {John F. Roddick and
               Max J. Egenhofer and
               Erik G. Hoel and
               Dimitris Papadias and
               Betty Salzberg},
  title     = {Spatial, Temporal and Spatio-Temporal Databases - Hot Issues and Directions
               for PhD Research},
  journal   = {{SIGMOD} Record},
  volume    = {33},
  number    = {2},
  pages     = {126--131},
  year      = {2004},
  url       = {http://doi.acm.org/10.1145/1024694.1024724},
  doi       = {10.1145/1024694.1024724},
  timestamp = {Wed, 19 Sep 2012 09:16:25 +0200},
  biburl    = {http://dblp.uni-trier.de/rec/bib/journals/sigmod/RoddickEHPS04},
  bibsource = {dblp computer science bibliography, http://dblp.org}
}


@inproceedings{Lohmann:2012,
 author = {Lohmann, Steffen and Burch, Michael and Schmauder, Hansj\"{o}rg and Weiskopf, Daniel},
 title = {Visual Analysis of Microblog Content Using Time-varying Co-occurrence Highlighting in Tag Clouds},
 booktitle = {AVI},
 year = {2012},
 pages = {753--756},
 url = {http://doi.acm.org/10.1145/2254556.2254701},
 doi = {10.1145/2254556.2254701},
 acmid = {2254701},
 publisher = {ACM},
 keywords = {co-occurrence highlighting, histogram, microblogging, microposts, tag cloud, time-series visualization, twitter, visual analysis},
} 




@article{Alper:2011,
 author = {Alper, Basak and Hollerer, Tobias and Kuchera-Morin, JoAnn and Forbes, Angus},
 title = {Stereoscopic Highlighting: 2D Graph Visualization on Stereo Displays},
 journal = {IEEE Transactions on Visualization and Computer Graphics},
 issue_date = {December 2011},
 volume = {17},
 number = {12},
 month = dec,
 year = {2011},
 issn = {1077-2626},
 pages = {2325--2333},
 numpages = {9},
 url = {http://dx.doi.org/10.1109/TVCG.2011.234},
 doi = {10.1109/TVCG.2011.234},
 acmid = {2068634},
 publisher = {IEEE Educational Activities Department},
 address = {Piscataway, NJ, USA},
 keywords = {Graph visualization, stereo displays, virtual reality.},
} 

@INPROCEEDINGS{Liang2010, 
author={J. Liang and M. L. Huang}, 
booktitle={2010 14th International Conference Information Visualisation}, 
title={Highlighting in Information Visualization: A Survey}, 
year={2010}, 
keywords={data visualisation;formal specification;knowledge representation;computer graphics;formal summarization;graphic recommendation mechanism;highlighting;information visualization;interaction control;viewing control mechanism;visual information processing;Context;Data visualization;Image color analysis;Navigation;Shape;Visual analytics;Highlighting;interactive visualization;knowledge discovery informationvisualization;visual analytics}, 
doi={10.1109/IV.2010.21}, 
ISSN={1550-6037}, 
month={July},}






@article{Philipsen94,
author = { Geerd   Philipsen },
title = {Effects of six different highlighting modes on visual search performance in menu options},
journal = {International Journal of Human–Computer Interaction},
volume = {6},
number = {3},
pages = {319-335},
year = {1994},
doi = {10.1080/10447319409526098},

URL = { 
        http://dx.doi.org/10.1080/10447319409526098
    
},
eprint = { 
        http://dx.doi.org/10.1080/10447319409526098
    
}
,
}

@article{Segel:2010,
 author = {Segel, Edward and Heer, Jeffrey},
 title = {Narrative Visualization: Telling Stories with Data},
 journal = {IEEE Transactions on Visualization and Computer Graphics},
 issue_date = {November 2010},
 volume = {16},
 number = {6},
 month = nov,
 year = {2010},
 issn = {1077-2626},
 pages = {1139--1148},
 numpages = {10},
 url = {http://dx.doi.org/10.1109/TVCG.2010.179},
 doi = {10.1109/TVCG.2010.179},
 acmid = {1908000},
 publisher = {IEEE Educational Activities Department},
 address = {Piscataway, NJ, USA},
 keywords = {Narrative visualization, Narrative visualization, storytelling, design methods, case study, journalism, social data analysis, case study, design methods, journalism, social data analysis, storytelling},
} 

@article{Samet:2014,
 author = {Samet, Hanan and Sankaranarayanan, Jagan and Lieberman, Michael D. and Adelfio, Marco D. and Fruin, Brendan C. and Lotkowski, Jack M. and Panozzo, Daniele and Sperling, Jon and Teitler, Benjamin E.},
 title = {Reading News with Maps by Exploiting Spatial Synonyms},
 journal = {Commun. ACM},
 issue_date = {October 2014},
 volume = {57},
 number = {10},
 month = sep,
 year = {2014},
 issn = {0001-0782},
 pages = {64--77},
 numpages = {14},
 url = {http://doi.acm.org/10.1145/2629572},
 doi = {10.1145/2629572},
 acmid = {2629572},
 publisher = {ACM},
 address = {New York, NY, USA},
} 

@INPROCEEDINGS{Magdy2014, 
author={A. Magdy and A. M. Aly and M. F. Mokbel and S. Elnikety and Y. He and S. Nath}, 
booktitle={2014 IEEE 30th International Conference on Data Engineering}, 
title={Mars: Real-time spatio-temporal queries on microblogs}, 
year={2014}, 
pages={1238-1241}, 
keywords={Internet;query processing;social networking (online);Bing Web search;Mars;Twitter firehose;Zipf distributed microblogs data;aggregate queries;heavy query workloads;hopping-window based aggregation;in-memory digestion-expiration techniques;load shedding techniques;microblogs keywords;microblogs location information;nearest-neighbor queries;production query workload;pruning techniques;range queries;real-time query processing;real-time spatio-temporal queries;smart memory optimization;top-k aggregate query processing;Aggregates;Indexes;Mars;Memory management;Query processing;Real-time systems;Twitter}, 
doi={10.1109/ICDE.2014.6816750}, 
ISSN={1063-6382}, 
month={March},}

@inproceedings{HendawiKRBTA15a,
  author    = {Abdeltawab M. Hendawi and
               Amruta Khot and
               Aqeel Rustum and
               Anas Basalamah and
               Ankur Teredesai and
               Mohamed H. Ali},
  title     = {A Map-Matching Aware Framework for Road Network Compression},
  booktitle = {16th {IEEE} International Conference on Mobile Data Management, {MDM}
               2015, Pittsburgh, PA, USA, June 15-18, 2015 - Volume 1},
  pages     = {307--310},
  year      = {2015},
  url       = {http://dx.doi.org/10.1109/MDM.2015.78},
  doi       = {10.1109/MDM.2015.78},
  timestamp = {Mon, 09 May 2016 12:34:51 +0200},
  biburl    = {http://dblp.uni-trier.de/rec/bib/conf/mdm/HendawiKRBTA15a},
  bibsource = {dblp computer science bibliography, http://dblp.org}
}


@inproceedings{Magdy:2014,
 author = {Magdy, Amr and Alarabi, Louai and Al-Harthi, Saif and Musleh, Mashaal and Ghanem, Thanaa M. and Ghani, Sohaib and Mokbel, Mohamed F.},
 title = {Taghreed: A System for Querying, Analyzing, and Visualizing Geotagged Microblogs},
 booktitle = {Proceedings of the 22Nd ACM SIGSPATIAL International Conference on Advances in Geographic Information Systems},
 series = {SIGSPATIAL '14},
 year = {2014},
 isbn = {978-1-4503-3131-9},
 location = {Dallas, Texas},
 pages = {163--172},
 numpages = {10},
 url = {http://doi.acm.org/10.1145/2666310.2666397},
 doi = {10.1145/2666310.2666397},
 acmid = {2666397},
 publisher = {ACM},
 address = {New York, NY, USA},
 keywords = {indexing, microblogs, query processing, spatio-temporal},
} 

@inproceedings{ChirigatiDDF16,
  author    = {Fernando Chirigati and
               Harish Doraiswamy and
               Theodoros Damoulas and
               Juliana Freire},
  title     = {Data Polygamy: The Many-Many Relationships among Urban Spatio-Temporal
               Data Sets},
  booktitle = {Proceedings of the 2016 International Conference on Management of
               Data, {SIGMOD} Conference 2016, San Francisco, CA, USA, June 26 -
               July 01, 2016},
  pages     = {1011--1025},
  year      = {2016},
  crossref  = {DBLP:conf/sigmod/2016},
  url       = {http://doi.acm.org/10.1145/2882903.2915245},
  doi       = {10.1145/2882903.2915245},
  timestamp = {Sat, 18 Jun 2016 14:32:22 +0200},
  biburl    = {http://dblp.uni-trier.de/rec/bib/conf/sigmod/ChirigatiDDF16},
  bibsource = {dblp computer science bibliography, http://dblp.org}
}

@article{Adomavicius:2005,
 author = {Adomavicius, Gediminas and Tuzhilin, Alexander},
 title = {Toward the Next Generation of Recommender Systems: A Survey of the State-of-the-Art and Possible Extensions},
 journal = {IEEE Trans. on Knowl. and Data Eng.},
 issue_date = {June 2005},
 volume = {17},
 number = {6},
 month = jun,
 year = {2005},
 issn = {1041-4347},
 pages = {734--749},
 numpages = {16},
 url = {http://dx.doi.org/10.1109/TKDE.2005.99},
 doi = {10.1109/TKDE.2005.99},
 acmid = {1070751},
 publisher = {IEEE Educational Activities Department},
 address = {Piscataway, NJ, USA},
 keywords = {Index Terms- Recommender systems, Recommender systems, collaborative filtering, rating estimation methods, extensions to recommender systems., collaborative filtering, extensions to recommender systems., rating estimation methods},
} 

@inproceedings{aly2015spatial,
  title={Spatial queries with k-nearest-neighbor and relational predicates},
  author={Aly, Ahmed M and Aref, Walid G and Ouzzani, Mourad},
  booktitle={SIGSPATIAL},
  pages={28},
  year={2015},
  organization={ACM}
}

@article{miller1956human,
  title={Human memory and the storage of information},
  author={Miller, George},
  journal={IRE Transactions on Information Theory},
  volume={2},
  number={3},
  pages={129--137},
  year={1956},
  publisher={IEEE}
}

@inproceedings{yu2015geospark,
  title={Geospark: A cluster computing framework for processing large-scale spatial data},
  author={Yu, Jia and Wu, Jinxuan and Sarwat, Mohamed},
  booktitle={SIGSPATIAL},
  pages={70},
  year={2015},
  organization={ACM}
}


@inproceedings{DBLP:conf/icde/EldawyM15,
 author    = {Ahmed Eldawy and Mohamed F. Mokbel},
 title     = {{SpatialHadoop: {A} MapReduce Framework for Spatial Data}},
 booktitle = {31st {IEEE} International Conference on Data Engineering, {ICDE} 2015, Seoul, South Korea, April 13-17, 2015},
 pages     = {1352--1363},
 year      = {2015},
 url       = {http://dx.doi.org/10.1109/ICDE.2015.7113382},
 doi       = {10.1109/ICDE.2015.7113382},
 timestamp = {Tue, 09 Jun 2015 07:58:12 +0200},
 biburl    = {http://dblp.uni-trier.de/rec/bib/conf/icde/EldawyM15},
 bibsource = {dblp computer science bibliography, http://dblp.org}
}

@article{ferreira2013visual,
  title={Visual exploration of big spatio-temporal urban data: A study of new york city taxi trips},
  author={Ferreira, Nivan and Poco, Jorge and Vo, Huy T and Freire, Juliana and Silva, Cl{\'a}udio T},
  journal={IEEE Transactions on Visualization and Computer Graphics},
  volume={19},
  number={12},
  pages={2149--2158},
  year={2013},
  publisher={IEEE}
}

@article{DBLP:journals/debu/FreireCVZ16,
  author    = {Juliana Freire and
               Aline Bessa and
               Fernando Chirigati and
               Huy T. Vo and
               Kai Zhao},
  title     = {Exploring What not to Clean in Urban Data: {A} Study Using New York
               City Taxi Trips},
  journal   = {{IEEE} Data Eng. Bull.},
  volume    = {39},
  number    = {2},
  pages     = {63--77},
  year      = {2016},
  url       = {http://sites.computer.org/debull/A16june/p63.pdf},
  timestamp = {Fri, 15 Jul 2016 07:43:00 +0200},
  biburl    = {http://dblp.uni-trier.de/rec/bib/journals/debu/FreireCVZ16},
  bibsource = {dblp computer science bibliography, http://dblp.org}
}

@article{wongsuphasawat2016voyager,
  title={Voyager: Exploratory analysis via faceted browsing of visualization recommendations},
  author={Wongsuphasawat, Kanit and Moritz, Dominik and Anand, Anushka and Mackinlay, Jock and Howe, Bill and Heer, Jeffrey},
  journal={TVCG},
  volume={22},
  number={1},
  year={2016},
  publisher={IEEE}
}

@article{VartakRMPP15,
  author    = {Manasi Vartak and
               Sajjadur Rahman and
               Samuel Madden and
               Aditya G. Parameswaran and
               Neoklis Polyzotis},
  title     = {{SEEDB:} Efficient Data-Driven Visualization Recommendations to Support
               Visual Analytics},
  journal   = {{PVLDB}},
  volume    = {8},
  number    = {13},
  pages     = {2182--2193},
  year      = {2015},
  url       = {http://www.vldb.org/pvldb/vol8/p2182-vartak.pdf},
  timestamp = {Tue, 15 Sep 2015 19:25:45 +0200},
  biburl    = {http://dblp.uni-trier.de/rec/bib/journals/pvldb/VartakRMPP15},
  bibsource = {dblp computer science bibliography, http://dblp.org}
}

@article{satyanarayan2016reactive,
  title={Reactive vega: A streaming dataflow architecture for declarative interactive visualization},
  author={Satyanarayan, Arvind and Russell, Ryan and Hoffswell, Jane and Heer, Jeffrey},
  journal={IEEE transactions on visualization and computer graphics},
  volume={22},
  number={1},
  pages={659--668},
  year={2016},
  publisher={IEEE}
}

@article{cafarella2008webtables,
  title={Webtables: exploring the power of tables on the web},
  author={Cafarella, Michael J and Halevy, Alon and Wang, Daisy Zhe and Wu, Eugene and Zhang, Yang},
  journal={Proceedings of the VLDB Endowment},
  volume={1},
  number={1},
  pages={538--549},
  year={2008},
  publisher={VLDB Endowment}
}

@article{cf,
  title={Crossfilter: Fast multidimensional filtering for coordinated views},
  author={I. Square},
  year={2013},
  publisher={http://github.com/square/crossfilter}
}

@inproceedings{Omidvar-Tehrani:2015,
 author = {Omidvar-Tehrani, Behrooz and Amer-Yahia, Sihem and Termier, Alexandre},
 title = {Interactive User Group Analysis},
 booktitle = {CIKM},
 year = {2015},
 isbn = {978-1-4503-3794-6},
 pages = {403--412},
 numpages = {10},
 url = {http://doi.acm.org/10.1145/2806416.2806519},
 doi = {10.1145/2806416.2806519},
 acmid = {2806519},
 publisher = {ACM},
 keywords = {interactive analysis, user data, validation},
} 



@inproceedings{Lohmann:2012,
 author = {Lohmann, Steffen and Burch, Michael and Schmauder, Hansj\"{o}rg and Weiskopf, Daniel},
 title = {Visual Analysis of Microblog Content Using Time-varying Co-occurrence Highlighting in Tag Clouds},
 booktitle = {AVI},
 year = {2012},
 pages = {753--756},
 url = {http://doi.acm.org/10.1145/2254556.2254701},
 doi = {10.1145/2254556.2254701},
 acmid = {2254701},
 publisher = {ACM},
 keywords = {co-occurrence highlighting, histogram, microblogging, microposts, tag cloud, time-series visualization, twitter, visual analysis},
} 


@article{Robinson2011,
author = { Anthony C.   Robinson },
title = {Highlighting in Geovisualization},
journal = {Cartography and Geographic Information Science},
volume = {38},
number = {4},
pages = {373-383},
year = {2011},
doi = {10.1559/15230406384373},
URL = { 
        http://dx.doi.org/10.1559/15230406384373    
},
eprint = { 
        http://dx.doi.org/10.1559/15230406384373    
},
}

@article{Alper:2011,
 author = {Alper, Basak and Hollerer, Tobias and Kuchera-Morin, JoAnn and Forbes, Angus},
 title = {Stereoscopic Highlighting: 2D Graph Visualization on Stereo Displays},
 journal = {IEEE Transactions on Visualization and Computer Graphics},
 issue_date = {December 2011},
 volume = {17},
 number = {12},
 month = dec,
 year = {2011},
 issn = {1077-2626},
 pages = {2325--2333},
 numpages = {9},
 url = {http://dx.doi.org/10.1109/TVCG.2011.234},
 doi = {10.1109/TVCG.2011.234},
 acmid = {2068634},
 publisher = {IEEE Educational Activities Department},
 address = {Piscataway, NJ, USA},
 keywords = {Graph visualization, stereo displays, virtual reality.},
} 


@article{Philipsen94,
author = { Geerd   Philipsen },
title = {Effects of six different highlighting modes on visual search performance in menu options},
journal = {International Journal of Human–Computer Interaction},
volume = {6},
number = {3},
pages = {319-335},
year = {1994},
doi = {10.1080/10447319409526098},

URL = { 
        http://dx.doi.org/10.1080/10447319409526098
    
},
eprint = { 
        http://dx.doi.org/10.1080/10447319409526098
    
}
,
}

@article{Segel:2010,
 author = {Segel, Edward and Heer, Jeffrey},
 title = {Narrative Visualization: Telling Stories with Data},
 journal = {IEEE Transactions on Visualization and Computer Graphics},
 issue_date = {November 2010},
 volume = {16},
 number = {6},
 month = nov,
 year = {2010},
 issn = {1077-2626},
 pages = {1139--1148},
 numpages = {10},
 url = {http://dx.doi.org/10.1109/TVCG.2010.179},
 doi = {10.1109/TVCG.2010.179},
 acmid = {1908000},
 publisher = {IEEE Educational Activities Department},
 address = {Piscataway, NJ, USA},
 keywords = {Narrative visualization, Narrative visualization, storytelling, design methods, case study, journalism, social data analysis, case study, design methods, journalism, social data analysis, storytelling},
} 

@article{Samet:2014,
 author = {Samet, Hanan and Sankaranarayanan, Jagan and Lieberman, Michael D. and Adelfio, Marco D. and Fruin, Brendan C. and Lotkowski, Jack M. and Panozzo, Daniele and Sperling, Jon and Teitler, Benjamin E.},
 title = {Reading News with Maps by Exploiting Spatial Synonyms},
 journal = {Commun. ACM},
 issue_date = {October 2014},
 volume = {57},
 number = {10},
 month = sep,
 year = {2014},
 issn = {0001-0782},
 pages = {64--77},
 numpages = {14},
 url = {http://doi.acm.org/10.1145/2629572},
 doi = {10.1145/2629572},
 acmid = {2629572},
 publisher = {ACM},
 address = {New York, NY, USA},
} 

@INPROCEEDINGS{Magdy2014, 
author={A. Magdy and A. M. Aly and M. F. Mokbel and S. Elnikety and Y. He and S. Nath}, 
booktitle={2014 IEEE 30th International Conference on Data Engineering}, 
title={Mars: Real-time spatio-temporal queries on microblogs}, 
year={2014}, 
pages={1238-1241}, 
keywords={Internet;query processing;social networking (online);Bing Web search;Mars;Twitter firehose;Zipf distributed microblogs data;aggregate queries;heavy query workloads;hopping-window based aggregation;in-memory digestion-expiration techniques;load shedding techniques;microblogs keywords;microblogs location information;nearest-neighbor queries;production query workload;pruning techniques;range queries;real-time query processing;real-time spatio-temporal queries;smart memory optimization;top-k aggregate query processing;Aggregates;Indexes;Mars;Memory management;Query processing;Real-time systems;Twitter}, 
doi={10.1109/ICDE.2014.6816750}, 
ISSN={1063-6382}, 
month={March},}

@inproceedings{HendawiKRBTA15a,
  author    = {Abdeltawab M. Hendawi and
               Amruta Khot and
               Aqeel Rustum and
               Anas Basalamah and
               Ankur Teredesai and
               Mohamed H. Ali},
  title     = {A Map-Matching Aware Framework for Road Network Compression},
  booktitle = {16th {IEEE} International Conference on Mobile Data Management, {MDM}
               2015, Pittsburgh, PA, USA, June 15-18, 2015 - Volume 1},
  pages     = {307--310},
  year      = {2015},
  url       = {http://dx.doi.org/10.1109/MDM.2015.78},
  doi       = {10.1109/MDM.2015.78},
  timestamp = {Mon, 09 May 2016 12:34:51 +0200},
  biburl    = {http://dblp.uni-trier.de/rec/bib/conf/mdm/HendawiKRBTA15a},
  bibsource = {dblp computer science bibliography, http://dblp.org}
}


@inproceedings{Magdy:2014,
 author = {Magdy, Amr and Alarabi, Louai and Al-Harthi, Saif and Musleh, Mashaal and Ghanem, Thanaa M. and Ghani, Sohaib and Mokbel, Mohamed F.},
 title = {Taghreed: A System for Querying, Analyzing, and Visualizing Geotagged Microblogs},
 booktitle = {Proceedings of the 22Nd ACM SIGSPATIAL International Conference on Advances in Geographic Information Systems},
 series = {SIGSPATIAL '14},
 year = {2014},
 isbn = {978-1-4503-3131-9},
 location = {Dallas, Texas},
 pages = {163--172},
 numpages = {10},
 url = {http://doi.acm.org/10.1145/2666310.2666397},
 doi = {10.1145/2666310.2666397},
 acmid = {2666397},
 publisher = {ACM},
 address = {New York, NY, USA},
 keywords = {indexing, microblogs, query processing, spatio-temporal},
} 

@inproceedings{ChirigatiDDF16,
  author    = {Fernando Chirigati and
               Harish Doraiswamy and
               Theodoros Damoulas and
               Juliana Freire},
  title     = {Data Polygamy: The Many-Many Relationships among Urban Spatio-Temporal
               Data Sets},
  booktitle = {Proceedings of the 2016 International Conference on Management of
               Data, {SIGMOD} Conference 2016, San Francisco, CA, USA, June 26 -
               July 01, 2016},
  pages     = {1011--1025},
  year      = {2016},
  crossref  = {DBLP:conf/sigmod/2016},
  url       = {http://doi.acm.org/10.1145/2882903.2915245},
  doi       = {10.1145/2882903.2915245},
  timestamp = {Sat, 18 Jun 2016 14:32:22 +0200},
  biburl    = {http://dblp.uni-trier.de/rec/bib/conf/sigmod/ChirigatiDDF16},
  bibsource = {dblp computer science bibliography, http://dblp.org}
}

@article{Adomavicius:2005,
 author = {Adomavicius, Gediminas and Tuzhilin, Alexander},
 title = {Toward the Next Generation of Recommender Systems: A Survey of the State-of-the-Art and Possible Extensions},
 journal = {IEEE Trans. on Knowl. and Data Eng.},
 issue_date = {June 2005},
 volume = {17},
 number = {6},
 month = jun,
 year = {2005},
 issn = {1041-4347},
 pages = {734--749},
 numpages = {16},
 url = {http://dx.doi.org/10.1109/TKDE.2005.99},
 doi = {10.1109/TKDE.2005.99},
 acmid = {1070751},
 publisher = {IEEE Educational Activities Department},
 address = {Piscataway, NJ, USA},
 keywords = {Index Terms- Recommender systems, Recommender systems, collaborative filtering, rating estimation methods, extensions to recommender systems., collaborative filtering, extensions to recommender systems., rating estimation methods},
} 

@inproceedings{aly2015spatial,
  title={Spatial queries with k-nearest-neighbor and relational predicates},
  author={Aly, Ahmed M and Aref, Walid G and Ouzzani, Mourad},
  booktitle={SIGSPATIAL},
  pages={28},
  year={2015},
  organization={ACM}
}

@article{miller1956human,
  title={Human memory and the storage of information},
  author={Miller, George},
  journal={IRE Transactions on Information Theory},
  volume={2},
  number={3},
  pages={129--137},
  year={1956},
  publisher={IEEE}
}

@inproceedings{yu2015geospark,
  title={Geospark: A cluster computing framework for processing large-scale spatial data},
  author={Yu, Jia and Wu, Jinxuan and Sarwat, Mohamed},
  booktitle={SIGSPATIAL},
  pages={70},
  year={2015},
  organization={ACM}
}


@inproceedings{DBLP:conf/icde/EldawyM15,
 author    = {Ahmed Eldawy and Mohamed F. Mokbel},
 title     = {{SpatialHadoop: {A} MapReduce Framework for Spatial Data}},
 booktitle = {31st {IEEE} International Conference on Data Engineering, {ICDE} 2015, Seoul, South Korea, April 13-17, 2015},
 pages     = {1352--1363},
 year      = {2015},
 url       = {http://dx.doi.org/10.1109/ICDE.2015.7113382},
 doi       = {10.1109/ICDE.2015.7113382},
 timestamp = {Tue, 09 Jun 2015 07:58:12 +0200},
 biburl    = {http://dblp.uni-trier.de/rec/bib/conf/icde/EldawyM15},
 bibsource = {dblp computer science bibliography, http://dblp.org}
}

@article{ferreira2013visual,
  title={Visual exploration of big spatio-temporal urban data: A study of new york city taxi trips},
  author={Ferreira, Nivan and Poco, Jorge and Vo, Huy T and Freire, Juliana and Silva, Cl{\'a}udio T},
  journal={IEEE Transactions on Visualization and Computer Graphics},
  volume={19},
  number={12},
  pages={2149--2158},
  year={2013},
  publisher={IEEE}
}

@article{DBLP:journals/debu/FreireCVZ16,
  author    = {Juliana Freire and
               Aline Bessa and
               Fernando Chirigati and
               Huy T. Vo and
               Kai Zhao},
  title     = {Exploring What not to Clean in Urban Data: {A} Study Using New York
               City Taxi Trips},
  journal   = {{IEEE} Data Eng. Bull.},
  volume    = {39},
  number    = {2},
  pages     = {63--77},
  year      = {2016},
  url       = {http://sites.computer.org/debull/A16june/p63.pdf},
  timestamp = {Fri, 15 Jul 2016 07:43:00 +0200},
  biburl    = {http://dblp.uni-trier.de/rec/bib/journals/debu/FreireCVZ16},
  bibsource = {dblp computer science bibliography, http://dblp.org}
}

@article{willett2007scented,
  title={Scented widgets: Improving navigation cues with embedded visualizations},
  author={Willett, Wesley and Heer, Jeffrey and Agrawala, Maneesh},
  journal={IEEE Transactions on Visualization and Computer Graphics},
  volume={13},
  number={6},
  pages={1129--1136},
  year={2007},
  publisher={IEEE}
}

@misc{nyctaxi,
title={NYC Taxi and Limousine Commission Dataset},
howpublished = {http://www.nyc.gov/html/tlc/html/about/trip_record_data.shtml}
}

@misc{nycbike,
title={NYC CITI Bike Dataset},
howpublished = {http://www.nyc.gov/html/tlc/html/about/trip_record_data.shtml}
}

@misc{airbnb,
title={Airbnb Dataset},
howpublished = {http://insideairbnb.com/get-the-data.html}
}

@misc{yelp,
title={Yelp Dataset},
howpublished = {http://www.nyc.gov/html/tlc/html/about/trip_record_data.shtml}
}

@article{lins2013nanocubes,
  title={Nanocubes for real-time exploration of spatiotemporal datasets},
  author={Lins, Lauro and Klosowski, James T and Scheidegger, Carlos},
  journal={IEEE Transactions on Visualization and Computer Graphics},
  volume={19},
  number={12},
  pages={2456--2465},
  year={2013},
  publisher={IEEE}
}

@article{fischer1999investigation,
  title={An investigation of attention allocation during sequential eye movement tasks},
  author={Fischer, Martin H},
  journal={The Quarterly Journal of Experimental Psychology: Section A},
  volume={52},
  number={3},
  pages={649--677},
  year={1999},
  publisher={Taylor \& Francis}
}

@article{arapakis2014user,
  title={User engagement in online news: Under the scope of sentiment, interest, affect, and gaze},
  author={Arapakis, Ioannis and Lalmas, Mounia and Cambazoglu, B Barla and Marcos, Mari-Carmen and Jose, Joemon M},
  journal={Journal of the Association for Information Science and Technology},
  volume={65},
  number={10},
  pages={1988--2005},
  year={2014},
  publisher={Wiley Online Library}
}

@article{VartakRMPP15,
  author    = {Manasi Vartak and
  Sajjadur Rahman and
  Samuel Madden and
  Aditya G. Parameswaran and
  Neoklis Polyzotis},
  title     = {{SEEDB:} Efficient Data-Driven Visualization Recommendations to Support
  Visual Analytics},
  journal   = {{PVLDB}},
  volume    = {8},
  number    = {13},
  pages     = {2182--2193},
  year      = {2015},
  url       = {http://www.vldb.org/pvldb/vol8/p2182-vartak.pdf},
  timestamp = {Tue, 15 Sep 2015 19:25:45 +0200},
  biburl    = {http://dblp.uni-trier.de/rec/bib/journals/pvldb/VartakRMPP15},
  bibsource = {dblp computer science bibliography, http://dblp.org}
}

@article{sharma2012k,
  title={K-means clustering in spatial data mining using weka interface},
  author={Sharma, Ritu and Alam, M Afshar and Rani, Anita},
  journal={International Journal of Computer Applications},
  pages={26--30},
  year={2012}
}

@inproceedings{xin2006discovering,
  title={Discovering interesting patterns through user's interactive feedback},
  author={Xin, Dong and Shen, Xuehua and Mei, Qiaozhu and Han, Jiawei},
  booktitle={Proceedings of the 12th ACM SIGKDD international conference on Knowledge discovery and data mining},
  pages={773--778},
  year={2006},
  organization={ACM}
}

@inproceedings{bhuiyan2012interactive,
  title={Interactive pattern mining on hidden data: a sampling-based solution},
  author={Bhuiyan, Mansurul and Mukhopadhyay, Snehasis and Hasan, Mohammad Al},
  booktitle={Proceedings of the 21st ACM international conference on Information and knowledge management},
  pages={95--104},
  year={2012},
  organization={ACM}
}

@inproceedings{goethals2011mime,
  title={MIME: a framework for interactive visual pattern mining},
  author={Goethals, Bart and Moens, Sandy and Vreeken, Jilles},
  booktitle={Proceedings of the 17th ACM SIGKDD international conference on Knowledge discovery and data mining},
  pages={757--760},
  year={2011},
  organization={ACM}
}

@article{siddiqui2016effortless,
  title={Effortless data exploration with zenvisage: an expressive and interactive visual analytics system},
  author={Siddiqui, Tarique and Kim, Albert and Lee, John and Karahalios, Karrie and Parameswaran, Aditya},
  journal={Proceedings of the VLDB Endowment},
  volume={10},
  number={4},
  pages={457--468},
  year={2016},
  publisher={VLDB Endowment}
}

@article{satyanarayan2017vega,
  title={Vega-lite: A grammar of interactive graphics},
  author={Satyanarayan, Arvind and Moritz, Dominik and Wongsuphasawat, Kanit and Heer, Jeffrey},
  journal={IEEE Transactions on Visualization and Computer Graphics},
  volume={23},
  number={1},
  pages={341--350},
  year={2017},
  publisher={IEEE}
}

@inproceedings{kamat2014distributed,
  title={Distributed and interactive cube exploration},
  author={Kamat, Niranjan and Jayachandran, Prasanth and Tunga, Karthik and Nandi, Arnab},
  booktitle={Data Engineering (ICDE), 2014 IEEE 30th International Conference on},
  pages={472--483},
  year={2014},
  organization={IEEE}
}

@inproceedings{omidvar2017geoguide,
  title={GeoGuide: An Interactive Guidance Approach for Spatial Data},
  author={Omidvar-Tehrani, Behrooz and Neto, Pl{\'a}cido A Souza and Pontes, Felipe M Freire and Bento, Francisco},
  booktitle={Internet of Things (iThings) and IEEE Green Computing and Communications (GreenCom) and IEEE Cyber, Physical and Social Computing (CPSCom) and IEEE Smart Data (SmartData), 2017 IEEE International Conference on},
  pages={1112--1117},
  year={2017},
  organization={IEEE}
}

@inproceedings{omidvar2015interactive,
  title={Interactive user group analysis},
  author={Omidvar-Tehrani, Behrooz and Amer-Yahia, Sihem and Termier, Alexandre},
  booktitle={CIKM},
  pages={403--412},
  year={2015},
  organization={ACM}
}

@article{dimitriadou2016aide,
  title={AIDE: an active learning-based approach for interactive data exploration},
  author={Dimitriadou, Kyriaki and Papaemmanouil, Olga and Diao, Yanlei},
  journal={IEEE Transactions on Knowledge and Data Engineering},
  volume={28},
  number={11},
  pages={2842--2856},
  year={2016},
  publisher={IEEE}
}



%%%%%%%%%%%%%%%%%%%%%%%%%%%%%%%%%%%%%%%%%%%%%%%%%%%%%%%%
%%%%%%%%%%%% DARLI REFERENCES %%%%%%%%%%%%%%%%%%%%%%%%%%
%%%%%%%%%%%%%%%%%%%%%%%%%%%%%%%%%%%%%%%%%%%%%%%%%%%%%%%%

@inproceedings{Omidvar-Tehrani:2015,
	author = {Omidvar-Tehrani, Behrooz and Amer-Yahia, Sihem and Termier, Alexandre},
	title = {Interactive User Group Analysis},
	booktitle = {CIKM},
	year = {2015},
	isbn = {978-1-4503-3794-6},
	pages = {403--412},
	numpages = {10},
	url = {http://doi.acm.org/10.1145/2806416.2806519},
	doi = {10.1145/2806416.2806519},
	acmid = {2806519},
	publisher = {ACM},
	keywords = {interactive analysis, user data, validation},
}


@inproceedings{Telang:2012,
	author = {Telang, Aditya and Padmanabhan, Deepak and Deshpande, Prasad},
	title = {Spatio-temporal Indexing: Current Scenario, Challenges and Approaches},
	booktitle = {Proceedings of the 18th International Conference on Management of Data},
	series = {COMAD '12},
	year = {2012},
	location = {Pune, India},
	pages = {9--11},
	numpages = {3},
	url = {http://dl.acm.org/citation.cfm?id=2694443.2694449},
	acmid = {2694449},
	publisher = {Computer Society of India},
	address = {Mumbai, India, India},
}

@inproceedings{Lohmann:2012,
author = {Lohmann, Steffen and Burch, Michael and Schmauder, Hansj\"{o}rg and Weiskopf, Daniel},
title = {Visual Analysis of Microblog Content Using Time-varying Co-occurrence Highlighting in Tag Clouds},
booktitle = {AVI},
year = {2012},
pages = {753--756},
url = {http://doi.acm.org/10.1145/2254556.2254701},
doi = {10.1145/2254556.2254701},
acmid = {2254701},
publisher = {ACM},
keywords = {co-occurrence highlighting, histogram, microblogging, microposts, tag cloud, time-series visualization, twitter, visual analysis},
}



@article{Alper:2011,
	author = {Alper, Basak and Hollerer, Tobias and Kuchera-Morin, JoAnn and Forbes, Angus},
	title = {Stereoscopic Highlighting: 2D Graph Visualization on Stereo Displays},
	journal = {IEEE Transactions on Visualization and Computer Graphics},
	issue_date = {December 2011},
	volume = {17},
	number = {12},
	month = dec,
	year = {2011},
	issn = {1077-2626},
	pages = {2325--2333},
	numpages = {9},
	url = {http://dx.doi.org/10.1109/TVCG.2011.234},
	doi = {10.1109/TVCG.2011.234},
	acmid = {2068634},
	publisher = {IEEE Educational Activities Department},
	address = {Piscataway, NJ, USA},
	keywords = {Graph visualization, stereo displays, virtual reality.},
}


@inproceedings{boley2013one,
	title={One click mining: Interactive local pattern discovery through implicit preference and performance learning},
	author={Boley, Mario and Mampaey, Michael and Kang, Bo and Tokmakov, Pavel and Wrobel, Stefan},
	booktitle={Proceedings of the ACM SIGKDD Workshop on Interactive Data Exploration and Analytics},
	pages={27--35},
	year={2013},
	organization={ACM}
}



@article{Philipsen94,
	author = { Geerd   Philipsen },
	title = {Effects of six different highlighting modes on visual search performance in menu options},
	journal = {International Journal of Human–Computer Interaction},
	volume = {6},
	number = {3},
	pages = {319-335},
	year = {1994},
	doi = {10.1080/10447319409526098},

	URL = {
			http://dx.doi.org/10.1080/10447319409526098

		},
	eprint = {
			http://dx.doi.org/10.1080/10447319409526098

		}
	,
}

@article{Segel:2010,
	author = {Segel, Edward and Heer, Jeffrey},
	title = {Narrative Visualization: Telling Stories with Data},
	journal = {IEEE Transactions on Visualization and Computer Graphics},
	issue_date = {November 2010},
	volume = {16},
	number = {6},
	month = nov,
	year = {2010},
	issn = {1077-2626},
	pages = {1139--1148},
	numpages = {10},
	url = {http://dx.doi.org/10.1109/TVCG.2010.179},
	doi = {10.1109/TVCG.2010.179},
	acmid = {1908000},
	publisher = {IEEE Educational Activities Department},
	address = {Piscataway, NJ, USA},
	keywords = {Narrative visualization, Narrative visualization, storytelling, design methods, case study, journalism, social data analysis, case study, design methods, journalism, social data analysis, storytelling},
}

@article{Samet:2014,
	author = {Samet, Hanan and Sankaranarayanan, Jagan and Lieberman, Michael D. and Adelfio, Marco D. and Fruin, Brendan C. and Lotkowski, Jack M. and Panozzo, Daniele and Sperling, Jon and Teitler, Benjamin E.},
	title = {Reading News with Maps by Exploiting Spatial Synonyms},
	journal = {Commun. ACM},
	issue_date = {October 2014},
	volume = {57},
	number = {10},
	month = sep,
	year = {2014},
	issn = {0001-0782},
	pages = {64--77},
	numpages = {14},
	url = {http://doi.acm.org/10.1145/2629572},
	doi = {10.1145/2629572},
	acmid = {2629572},
	publisher = {ACM},
	address = {New York, NY, USA},
}

@inproceedings{Levandoski:2012,
	author = {Levandoski, Justin J. and Sarwat, Mohamed and Eldawy, Ahmed and Mokbel, Mohamed F.},
	title = {LARS: A Location-Aware Recommender System},
	booktitle = {ICDE},
	year = {2012},
	isbn = {978-0-7695-4747-3},
	pages = {450--461},
	numpages = {12},
	url = {http://dx.doi.org/10.1109/ICDE.2012.54},
	doi = {10.1109/ICDE.2012.54},
	acmid = {2310356}
}

@INPROCEEDINGS{Magdy2014,
	author={A. Magdy and A. M. Aly and M. F. Mokbel and S. Elnikety and Y. He and S. Nath},
	booktitle={2014 IEEE 30th International Conference on Data Engineering},
	title={Mars: Real-time spatio-temporal queries on microblogs},
	year={2014},
	pages={1238-1241},
	keywords={Internet;query processing;social networking (online);Bing Web search;Mars;Twitter firehose;Zipf distributed microblogs data;aggregate queries;heavy query workloads;hopping-window based aggregation;in-memory digestion-expiration techniques;load shedding techniques;microblogs keywords;microblogs location information;nearest-neighbor queries;production query workload;pruning techniques;range queries;real-time query processing;real-time spatio-temporal queries;smart memory optimization;top-k aggregate query processing;Aggregates;Indexes;Mars;Memory management;Query processing;Real-time systems;Twitter},
	doi={10.1109/ICDE.2014.6816750},
	ISSN={1063-6382},
	month={March},}

@inproceedings{HendawiKRBTA15a,
	author    = {Abdeltawab M. Hendawi and
			Amruta Khot and
			Aqeel Rustum and
			Anas Basalamah and
			Ankur Teredesai and
			Mohamed H. Ali},
	title     = {A Map-Matching Aware Framework for Road Network Compression},
	booktitle = {16th {IEEE} International Conference on Mobile Data Management, {MDM}
			2015, Pittsburgh, PA, USA, June 15-18, 2015 - Volume 1},
	pages     = {307--310},
	year      = {2015},
	url       = {http://dx.doi.org/10.1109/MDM.2015.78},
	doi       = {10.1109/MDM.2015.78},
	timestamp = {Mon, 09 May 2016 12:34:51 +0200},
	biburl    = {http://dblp.uni-trier.de/rec/bib/conf/mdm/HendawiKRBTA15a},
	bibsource = {dblp computer science bibliography, http://dblp.org}
}

@Article{Bao2015,
	author="Bao, Jie
	and Zheng, Yu
	and Wilkie, David
	and Mokbel, Mohamed",
	title="Recommendations in location-based social networks: a survey",
	journal="GeoInformatica",
	year="2015",
	volume="19",
	number="3",
	pages="525--565",
	doi="10.1007/s10707-014-0220-8",
	url="http://dx.doi.org/10.1007/s10707-014-0220-8"
}

@inproceedings{Magdy:2014,
	author = {Magdy, Amr and Alarabi, Louai and Al-Harthi, Saif and Musleh, Mashaal and Ghanem, Thanaa M. and Ghani, Sohaib and Mokbel, Mohamed F.},
	title = {Taghreed: A System for Querying, Analyzing, and Visualizing Geotagged Microblogs},
	booktitle = {Proceedings of the 22Nd ACM SIGSPATIAL International Conference on Advances in Geographic Information Systems},
	series = {SIGSPATIAL '14},
	year = {2014},
	isbn = {978-1-4503-3131-9},
	location = {Dallas, Texas},
	pages = {163--172},
	numpages = {10},
	url = {http://doi.acm.org/10.1145/2666310.2666397},
	doi = {10.1145/2666310.2666397},
	acmid = {2666397},
	publisher = {ACM},
	address = {New York, NY, USA},
	keywords = {indexing, microblogs, query processing, spatio-temporal},
}

@inproceedings{ChirigatiDDF16,
	author    = {Fernando Chirigati and
			Harish Doraiswamy and
			Theodoros Damoulas and
			Juliana Freire},
	title     = {Data Polygamy: The Many-Many Relationships among Urban Spatio-Temporal
			Data Sets},
	booktitle = {Proceedings of the 2016 International Conference on Management of
			Data, {SIGMOD} Conference 2016, San Francisco, CA, USA, June 26 -
			July 01, 2016},
	pages     = {1011--1025},
	year      = {2016},
	crossref  = {DBLP:conf/sigmod/2016},
	url       = {http://doi.acm.org/10.1145/2882903.2915245},
	doi       = {10.1145/2882903.2915245},
	timestamp = {Sat, 18 Jun 2016 14:32:22 +0200},
	biburl    = {http://dblp.uni-trier.de/rec/bib/conf/sigmod/ChirigatiDDF16},
	bibsource = {dblp computer science bibliography, http://dblp.org}
}

@article{Adomavicius:2005,
	author = {Adomavicius, Gediminas and Tuzhilin, Alexander},
	title = {Toward the Next Generation of Recommender Systems: A Survey of the State-of-the-Art and Possible Extensions},
	journal = {IEEE Trans. on Knowl. and Data Eng.},
	issue_date = {June 2005},
	volume = {17},
	number = {6},
	month = jun,
	year = {2005},
	issn = {1041-4347},
	pages = {734--749},
	numpages = {16},
	url = {http://dx.doi.org/10.1109/TKDE.2005.99},
	doi = {10.1109/TKDE.2005.99},
	acmid = {1070751},
	publisher = {IEEE Educational Activities Department},
	address = {Piscataway, NJ, USA},
	keywords = {Index Terms- Recommender systems, Recommender systems, collaborative filtering, rating estimation methods, extensions to recommender systems., collaborative filtering, extensions to recommender systems., rating estimation methods},
}

@inproceedings{aly2015spatial,
	title={Spatial queries with k-nearest-neighbor and relational predicates},
	author={Aly, Ahmed M and Aref, Walid G and Ouzzani, Mourad},
	booktitle={SIGSPATIAL},
	pages={28},
	year={2015},
	organization={ACM}
}

@article{miller1956human,
	title={Human memory and the storage of information},
	author={Miller, George},
	journal={IRE Transactions on Information Theory},
	volume={2},
	number={3},
	pages={129--137},
	year={1956},
	publisher={IEEE}
}

@inproceedings{yu2015geospark,
	title={Geospark: A cluster computing framework for processing large-scale spatial data},
	author={Yu, Jia and Wu, Jinxuan and Sarwat, Mohamed},
	booktitle={SIGSPATIAL},
	pages={70},
	year={2015},
	organization={ACM}
}


@inproceedings{DBLP:conf/icde/EldawyM15,
author    = {Ahmed Eldawy and Mohamed F. Mokbel},
title     = {{SpatialHadoop: {A} MapReduce Framework for Spatial Data}},
booktitle = {31st {IEEE} International Conference on Data Engineering, {ICDE} 2015, Seoul, South Korea, April 13-17, 2015},
pages     = {1352--1363},
year      = {2015},
url       = {http://dx.doi.org/10.1109/ICDE.2015.7113382},
doi       = {10.1109/ICDE.2015.7113382},
timestamp = {Tue, 09 Jun 2015 07:58:12 +0200},
biburl    = {http://dblp.uni-trier.de/rec/bib/conf/icde/EldawyM15},
bibsource = {dblp computer science bibliography, http://dblp.org}
}

@article{ferreira2013visual,
	title={Visual exploration of big spatio-temporal urban data: A study of new york city taxi trips},
	author={Ferreira, Nivan and Poco, Jorge and Vo, Huy T and Freire, Juliana and Silva, Cl{\'a}udio T},
	journal={IEEE Transactions on Visualization and Computer Graphics},
	volume={19},
	number={12},
	pages={2149--2158},
	year={2013},
	publisher={IEEE}
}

@article{DBLP:journals/debu/FreireCVZ16,
author    = {Juliana Freire and
		Aline Bessa and
		Fernando Chirigati and
		Huy T. Vo and
		Kai Zhao},
title     = {Exploring What not to Clean in Urban Data: {A} Study Using New York
City Taxi Trips},
journal   = {{IEEE} Data Eng. Bull.},
volume    = {39},
number    = {2},
pages     = {63--77},
year      = {2016},
url       = {http://sites.computer.org/debull/A16june/p63.pdf},
timestamp = {Fri, 15 Jul 2016 07:43:00 +0200},
biburl    = {http://dblp.uni-trier.de/rec/bib/journals/debu/FreireCVZ16},
bibsource = {dblp computer science bibliography, http://dblp.org}
}


@misc{nyctaxi,
	title={NYC Taxi and Limousine Commission Dataset},
	howpublished = {http://www.nyc.gov/html/tlc/html/about/trip_record_data.shtml}
}

@misc{nycbike,
	title={NYC CITI Bike Dataset},
	howpublished = {http://www.nyc.gov/html/tlc/html/about/trip_record_data.shtml}
}

@misc{airbnb,
	title={Airbnb Dataset},
	howpublished = {http://insideairbnb.com/get-the-data.html}
}

@misc{yelp,
	title={Yelp Dataset},
	howpublished = {http://www.nyc.gov/html/tlc/html/about/trip_record_data.shtml}
}


@article{fischer1999investigation,
	title={An investigation of attention allocation during sequential eye movement tasks},
	author={Fischer, Martin H},
	journal={The Quarterly Journal of Experimental Psychology: Section A},
	volume={52},
	number={3},
	pages={649--677},
	year={1999},
	publisher={Taylor \& Francis}
}

@inproceedings{arapakis2014understanding,
	title={Understanding within-content engagement through pattern analysis of mouse gestures},
	author={Arapakis, Ioannis and Lalmas, Mounia and Valkanas, George},
	booktitle={Proceedings of the 23rd ACM International Conference on Conference on Information and Knowledge Management},
	pages={1439--1448},
	year={2014},
	organization={ACM}
}

@article{VartakRMPP15,
	author    = {Manasi Vartak and
			Sajjadur Rahman and
			Samuel Madden and
			Aditya G. Parameswaran and
			Neoklis Polyzotis},
	title     = {{SEEDB:} Efficient Data-Driven Visualization Recommendations to Support
			Visual Analytics},
	journal   = {{PVLDB}},
	volume    = {8},
	number    = {13},
	pages     = {2182--2193},
	year      = {2015},
	url       = {http://www.vldb.org/pvldb/vol8/p2182-vartak.pdf},
	timestamp = {Tue, 15 Sep 2015 19:25:45 +0200},
	biburl    = {http://dblp.uni-trier.de/rec/bib/journals/pvldb/VartakRMPP15},
	bibsource = {dblp computer science bibliography, http://dblp.org}
}

@article{sharma2012k,
	title={K-means clustering in spatial data mining using weka interface},
	author={Sharma, Ritu and Alam, M Afshar and Rani, Anita},
	journal={International Journal of Computer Applications},
	pages={26--30},
	year={2012}
}
