% Tese de Doutorado
@PHDTHESIS{PaquetePhD,
  AUTHOR = {L.~Paquete},
  TITLE = {Stochastic Local Search Algorithms for Multiobjective Combinatorial
Optimization Problems: Methods and Analysis},
  SCHOOL = {Techniche Universit\"at Darmstadt},
  YEAR = {2005}
}


% Relatorio tecnico
@TechReport{Jaszkiewicz,
AUTHOR={ Andrzej Jaszkiewicz},
TITLE={Genetic local search for multiple objective combinatorial optimization},
YEAR=1998,
INSTITUTION={Institute of Computing Science, Poznan University of Technology},
NUMBER={RA-014/98}
}

% Capitulo de Livro
@InBook{KnowlesBoundedPareto,
  author = 	 {Joshua Knowles and David Corne},
  editor = 	 {X. Gandibleux and M. Sevaux and K. S\"orensen and V. \relax{T'Kindt}},
  title = 	 {Metaheuristics for Multiobjective Optimisation},
  chapter = 	 {Bounded {P}areto Archiving: Theory and Practice},
  publisher = 	 {Springer},
  year = 	 {2004},
  volume = 	 {535},
  series = 	 {Lecture Notes in Economics and Mathematical Systems},
  pages = 	 {39--64},
  OPTannote = 	 {ISBN: 3-540-20637-X }
}


% Artigo em anais de congresso
@InProceedings{KnowlesBoundedLebesgue,
  author = 	 {Joshua D. Knowles and David W. Corne and Mark Fleischer},
  title = 	 {Bounded Archiving using the {L}ebesgue Measure},
  booktitle = 	 {Proceedings of the IEEE Congress on Evolutionary Computation},
  pages = 	 {2490--2497},
  year = 	 {2003},
  publisher = {IEEE Press}
}


% Artigo de jornal
@Article{LopezPaqueteStu,
  AUTHOR = { Manuel L{\'o}pez-Ib{\'a}{\~n}ez  and  Lu\'is Paquete  and  Thomas St{\"u}tzle },
  TITLE = {Hybrid Population-based Algorithms for the
                  Bi-objective Quadratic Assignment Problem},
  JOURNAL = {Journal of Mathematical Modelling and Algorithms},
  YEAR = 2006,
  VOLUME = 5,
  NUMBER = 1,
  PAGES = {111--137}
 }
 
 
% Livro
@Book{Silberschatz,
  author =       {Silberschatz, Abraham and
                  Korth, Henry F. and
                  Sudarshan, S.},
  title =        {Database system concepts},
  publisher =    {McGraw-Hill},
  year =         {2002},
  edition =      {4th},
  address = {Boston}
}


%Referencia da Web
@Misc{DB2XML,
    author =     {Volker Turau},
    title =      {DB2XML 1.4: {Transforming} relational databases into {XML} documents},    
    month =     Oct,
    year =   {2001},
    note = {Out., 2001. Disponível em: <\url{http://www.informatik.fh-wiesbaden.de/~turau/DB2XML/index.html}>. Acesso em Abril 9, 2004},
}


% Dissertação de Mestrado
@MasterThesis{Angelo,
  AUTHOR =       "Angelo Agra",
  TITLE =        "Implementação de uma Proposta para Atualização de Bancos de Dados através de Visões",
  SCHOOL =       "Instituto de Informática, UFRGS",
  YEAR =         "2004",
  type =         "{Projeto de Diplomação}",
  address =      "Porto Alegre, RS, Brasil",
  month =        Jul
}


@article{YE2018288,
title = "Spatial and temporal analysis of accommodation preference based on online reviews",
journal = "Journal of Destination Marketing & Management",
volume = "9",
pages = "288 - 299",
year = "2018",
issn = "2212-571X",
doi = "https://doi.org/10.1016/j.jdmm.2018.03.001",
url = "http://www.sciencedirect.com/science/article/pii/S2212571X17300495",
author = "Ben Haobin Ye and Jian Ming Luo and Huy Quan Vu",
keywords = "Spatial pattern, Seasonal pattern, Online reviews, Hotel location, Accommodation preference"
}

@article {Kulendran:2012:1083-5423:121,
title = "Modeling Seasonal Variation in Tourism Flows with Climate Variables",
journal = "Tourism Analysis",
parent_itemid = "infobike://cog/ta",
publishercode ="cog",
year = "2012",
volume = "17",
number = "2",
publication_date ="2012-03-01T00:00:00",
pages = "121-137",
itemtype = "ARTICLE",
issn = "1083-5423",
eissn = "1943-3999",
url = "https://www.ingentaconnect.com/content/cog/ta/2012/00000017/00000002/art00002",
doi = "doi:10.3727/108354212X13388995267706",
keyword = "CLIMATE VARIABLES, AVERAGE EUCLIDEAN DISTANCE STATISTICS, AUSTRALIAN TOURISM, SEASONAL VARIATION, ARCH MODELING",
author = "Kulendran, Nada and Dwyer, Larry"
}

@article{MIJOVIC20161,
title = "Exploratory spatio-temporal analysis of linked statistical data",
journal = "Web Semantics: Science, Services and Agents on the World Wide Web",
volume = "41",
pages = "1 - 8",
year = "2016",
issn = "1570-8268",
doi = "https://doi.org/10.1016/j.websem.2016.10.002",
url = "http://www.sciencedirect.com/science/article/pii/S1570826816300488",
author = "Vuk Mijović and Valentina Janev and Dejan Paunović and Sanja Vraneš",
keywords = "Linked data, Statistics, Spatio-temporal, Exploration, Visualization, Interoperability"
}

@article{CHIDEAN20182684,
title = "Spatio-temporal analysis of wind resource in the Iberian Peninsula with data-coupled clustering",
journal = "Renewable and Sustainable Energy Reviews",
volume = "81",
pages = "2684 - 2694",
year = "2018",
issn = "1364-0321",
doi = "https://doi.org/10.1016/j.rser.2017.06.075",
url = "http://www.sciencedirect.com/science/article/pii/S1364032117310080",
author = "Mihaela I. Chidean and Antonio J. Caamaño and Julio Ramiro-Bargueño and Carlos Casanova-Mateo and Sancho Salcedo-Sanz",
keywords = "Wind resource, Wind energy production, Spatio-temporal analysis, SODCC clustering"
}

@article{ZHENG201824,
title = "Spatial–temporal travel pattern mining using massive taxi trajectory data",
journal = "Physica A: Statistical Mechanics and its Applications",
volume = "501",
pages = "24 - 41",
year = "2018",
issn = "0378-4371",
doi = "https://doi.org/10.1016/j.physa.2018.02.064",
url = "http://www.sciencedirect.com/science/article/pii/S0378437118301419",
author = "Linjiang Zheng and Dong Xia and Xin Zhao and Longyou Tan and Hang Li and Li Chen and Weining Liu",
keywords = "Spatial–temporal, Attractive area, Grid-based clustering, Hot path, Trajectory clustering"
}

@inproceedings{Wang:2006:TOT:1150402.1150450,
 author = {Wang, Xuerui and McCallum, Andrew},
 title = {Topics over Time: A non-Markov Continuous-time Model of Topical Trends},
 booktitle = {Proceedings of the 12th ACM SIGKDD International Conference on Knowledge Discovery and Data Mining},
 series = {KDD '06},
 year = {2006},
 isbn = {1-59593-339-5},
 location = {Philadelphia, PA, USA},
 pages = {424--433},
 numpages = {10},
 url = {http://doi.acm.org/10.1145/1150402.1150450},
 doi = {10.1145/1150402.1150450},
 acmid = {1150450},
 publisher = {ACM},
 address = {New York, NY, USA},
 keywords = {graphical models, temporal analysis, topic modeling},
} 

@article{10018075194,
author="SWAN, R.",
title="TimeMines : Constructing Timelines with Statistical Models of Word Usage",
journal="Proc. of the KDD-2000 Workshop on Text Mining",
ISSN="",
publisher="",
year="2000",
month="",
volume="",
number="",
pages="",
URL="https://ci.nii.ac.jp/naid/10018075194/en/",
DOI="",
}

@inproceedings{Kamath:2013:SMP:2505515.2505579,
 author = {Kamath, Krishna Y. and Caverlee, James},
 title = {Spatio-temporal Meme Prediction: Learning What Hashtags Will Be Popular Where},
 booktitle = {Proceedings of the 22Nd ACM International Conference on Information \& Knowledge Management},
 series = {CIKM '13},
 year = {2013},
 isbn = {978-1-4503-2263-8},
 location = {San Francisco, California, USA},
 pages = {1341--1350},
 numpages = {10},
 url = {http://doi.acm.org/10.1145/2505515.2505579},
 doi = {10.1145/2505515.2505579},
 acmid = {2505579},
 publisher = {ACM},
 address = {New York, NY, USA},
 keywords = {social media, spatial impact, spatio-temporal analysis},
} 

@inproceedings{Wang:2016:CRI:2939672.2939736,
 author = {Wang, Hongjian and Kifer, Daniel and Graif, Corina and Li, Zhenhui},
 title = {Crime Rate Inference with Big Data},
 booktitle = {Proceedings of the 22Nd ACM SIGKDD International Conference on Knowledge Discovery and Data Mining},
 series = {KDD '16},
 year = {2016},
 isbn = {978-1-4503-4232-2},
 location = {San Francisco, California, USA},
 pages = {635--644},
 numpages = {10},
 url = {http://doi.acm.org/10.1145/2939672.2939736},
 doi = {10.1145/2939672.2939736},
 acmid = {2939736},
 publisher = {ACM},
 address = {New York, NY, USA},
 keywords = {big data, crime inference, heterogeneous data, spatial-temporal data},
} 

@article{doi:10.1111/j.1467-9671.2010.01194.x,
author = {Nakaya Tomoki and Yano Keiji},
title = {Visualising Crime Clusters in a Space-time Cube: An Exploratory Data-analysis Approach Using Space-time Kernel Density Estimation and Scan Statistics},
journal = {Transactions in GIS},
volume = {14},
number = {3},
pages = {223-239},
doi = {10.1111/j.1467-9671.2010.01194.x},
url = {https://onlinelibrary.wiley.com/doi/abs/10.1111/j.1467-9671.2010.01194.x},
eprint = {https://onlinelibrary.wiley.com/doi/pdf/10.1111/j.1467-9671.2010.01194.x},
abstract = {Abstract For an effective interpretation of spatio-temporal patterns of crime clusters/hotspots, we explore the possibility of three-dimensional mapping of crime events in a space-time cube with the aid of space-time variants of kernel density estimation and scan statistics. Using the crime occurrence dataset of snatch-and-run offences in Kyoto City from 2003 to 2004, we confirm that the proposed methodology enables simultaneous visualisation of the geographical extent and duration of crime clusters, by which stable and transient space-time crime clusters can be intuitively differentiated. Also, the combined use of the two statistical techniques revealed temporal inter-cluster associations showing that transient clusters alternatively appeared in a pair of hotspot regions, suggesting a new type of “displacement” phenomenon of crime. Highlighting the complementary aspects of the two space-time statistical approaches, we conclude that combining these approaches in a space-time cube display is particularly valuable for a spatio-temporal exploratory data analysis of clusters to extract new knowledge of crime epidemiology from a data set of space-time crime events.}
}

@inproceedings{Nara:2007:STA:1341012.1341083,
 author = {Nara, Atsushi and Torrens, Paul M.},
 title = {Spatial and Temporal Analysis of Pedestrian Egress Behavior and Efficiency},
 booktitle = {Proceedings of the 15th Annual ACM International Symposium on Advances in Geographic Information Systems},
 series = {GIS '07},
 year = {2007},
 isbn = {978-1-59593-914-2},
 location = {Seattle, Washington},
 pages = {59:1--59:4},
 articleno = {59},
 numpages = {4},
 url = {http://doi.acm.org/10.1145/1341012.1341083},
 doi = {10.1145/1341012.1341083},
 acmid = {1341083},
 publisher = {ACM},
 address = {New York, NY, USA},
 keywords = {GIS, GPS, fractal, pedestrian behavior, spatial analysis, spatio-temporal},
}

@inproceedings{Ma:2017:SFA:3148044.3148050,
 author = {Ma, Jong Won and Ju, Sungha and Nguyen, Hieu Minh and Yun, Sung Bum and Yoon, Sanghyun and Heo, Joon},
 title = {Spatio-temporal Factor Analysis of Characterizing Mass Protest Events Using Taxi Trajectory in Seoul, Korea},
 booktitle = {Proceedings of the 1st ACM SIGSPATIAL Workshop on Analytics for Local Events and News},
 series = {LENS'17},
 year = {2017},
 isbn = {978-1-4503-5500-1},
 location = {Redondo Beach, CA, USA},
 pages = {6:1--6:7},
 articleno = {6},
 numpages = {7},
 url = {http://doi.acm.org/10.1145/3148044.3148050},
 doi = {10.1145/3148044.3148050},
 acmid = {3148050},
 publisher = {ACM},
 address = {New York, NY, USA},
 keywords = {Event Characterization, Factor Analysis, Spatial data, Taxi trajectory},
}

@INPROCEEDINGS{8399241, 
author={D. Lopes-Teixeira and F. Batista and R. Ribeiro}, 
booktitle={2018 13th Iberian Conference on Information Systems and Technologies (CISTI)}, 
title={Spatio-temporal analysis of brand interest using social networks}, 
year={2018}, 
volume={}, 
number={}, 
pages={1-6}, 
keywords={Databases;Diseases;Market research;Real-time systems;Twitter;Urban areas;Brand Interest;Geographical Analysis;Social Networks;Spatio-Temporal Analysis;Temporal Analysis;Twitter}, 
doi={10.23919/CISTI.2018.8399241}, 
ISSN={}, 
month={June},}

@INPROCEEDINGS{8361374, 
author={M. Ghahramani and M. Zhou and C. T. Hon}, 
booktitle={2018 IEEE 15th International Conference on Networking, Sensing and Control (ICNSC)}, 
title={Spatio-temporal analysis of mobile phone data for interaction recognition}, 
year={2018}, 
volume={}, 
number={}, 
pages={1-6}, 
keywords={interactive systems;mobile computing;mobile handsets;spatiotemporal phenomena;telecommunication traffic;Call Detail Records;content distribution;interaction recognition;intra-polygon interaction;mobile phone calls;mobile phone data;network planning;spatio-temporal analysis;spatio-temporal data;spatio-temporal interaction communities;traffic estimation;Data analysis;Data visualization;Diseases;Mobile handsets;Spatial databases;Transportation;Urban areas}, 
doi={10.1109/ICNSC.2018.8361374}, 
ISSN={}, 
month={March},}

@INPROCEEDINGS{8359833, 
author={H. Sun and Y. Jiao and J. Han and C. Wang}, 
booktitle={2017 IEEE 17th International Conference on Communication Technology (ICCT)}, 
title={A novel temporal-spatial analysis system for QAR big data}, 
year={2017}, 
volume={}, 
number={}, 
pages={1238-1241}, 
keywords={Big Data;aerospace computing;aerospace safety;data mining;geographic information systems;quality assurance;statistical analysis;time series;FOQA;QAR big data;deep-level mining;dynamic spatiotemporal statistical analysis algorithm;exceedance events;flight data;flight operational quality assurance;flight quality monitoring information;spatial-temporal distribution;statistical methods;temporal geography information system;temporal-spatial analysis system;time-snapshot-time series-space-time evolution model;unsafety events;Aircraft;Airports;Correlation;Geographic information systems;Safety;Springs;Statistical analysis;QAR big data;flight operational quality assurance;spatial-temporal analysis;temporal GIS}, 
doi={10.1109/ICCT.2017.8359833}, 
ISSN={}, 
month={Oct},}

@INPROCEEDINGS{8304343, 
author={X. Zhan and Y. Ye and Y. Zhuo and B. Shi and Y. Ren and W. Hu}, 
booktitle={2017 International Conference on Security, Pattern Analysis, and Cybernetics (SPAC)}, 
title={Spatial-temporal analysis on bird habitat discovery in China}, 
year={2017}, 
volume={}, 
number={}, 
pages={573-578}, 
keywords={biology computing;data mining;pattern clustering;trees (mathematics);zoology;Anseriformes habitats;Spatial-temporal analysis;animal habitat conservation;avian influenza control;bird habitat discovery;bird habitats/stopovers;bird observation;bird-watching data;data mining techniques;hierarchical cluster tree;improved hierarchical clustering algorithm;kernel smoothing method;migrant birds;migration patterns;migratory birds;spatial cluster;spatial distribution;temporal distribution;Birds;Clustering algorithms;Data mining;Kernel;Partitioning algorithms;Pattern analysis;Security}, 
doi={10.1109/SPAC.2017.8304343}, 
ISSN={}, 
month={Dec},}

@INPROCEEDINGS{8286018, 
author={H. Kumar and H. Kaur}, 
booktitle={2017 International Conference on Infocom Technologies and Unmanned Systems (Trends and Future Directions) (ICTUS)}, 
title={Clustering and ranking social media users based on temporal analysis}, 
year={2017}, 
volume={}, 
number={}, 
pages={271-275}, 
keywords={data mining;expectation-maximisation algorithm;feature extraction;information retrieval;pattern clustering;social networking (online);Expectation Maximization;Facebook;Hierarchical clustering;Social Media platform;Temporal data;Temporal information retrieval;XMeans;data mining toolkit WEKA;feature extraction;hierarchical clustering algorithm;inter cluster similarity;intra cluster similarity;ranking technique;single cluster making analysis;social media users clustering;social media users ranking;temporal analysis;temporal dimension;Clustering algorithms;Data mining;Facebook;Feature extraction;Partitioning algorithms;Facebook Platform;Social Media;Temporal Clustering;Temporal Ranking;Time Normalization}, 
doi={10.1109/ICTUS.2017.8286018}, 
ISSN={}, 
month={Dec},}

@inproceedings{Allan:2001:TSN:383952.383954,
 author = {Allan, James and Gupta, Rahul and Khandelwal, Vikas},
 title = {Temporal Summaries of New Topics},
 booktitle = {Proceedings of the 24th Annual International ACM SIGIR Conference on Research and Development in Information Retrieval},
 series = {SIGIR '01},
 year = {2001},
 isbn = {1-58113-331-6},
 location = {New Orleans, Louisiana, USA},
 pages = {10--18},
 numpages = {9},
 url = {http://doi.acm.org/10.1145/383952.383954},
 doi = {10.1145/383952.383954},
 acmid = {383954},
 publisher = {ACM},
 address = {New York, NY, USA},
 keywords = {experimental design, metrics, summarization},
}

@INPROCEEDINGS{8070013, 
author={F. F. Balahadia and A. O. Trillanes}, 
booktitle={2017 IEEE Region 10 Symposium (TENSYMP)}, 
title={Improving fire services using spatio-temporal analysis: Fire incidents in manila}, 
year={2017}, 
volume={}, 
number={}, 
pages={1-5}, 
keywords={environmental factors;fires;City of Manila;decision makers;effective fire management plan;faulty electrical connections;fire data;fire incidence;fire incidents;fire occurrences;fire service;fire services;geo-visualization techniques;prediction model;recorded fires;spatio-temporal analysis;Biological system modeling;Fires;IEEE Regions;Sociology;Statistics;Tools;Urban areas;citizen;e-commerce;e-government;e-participation;local government units;portal;public services;website}, 
doi={10.1109/TENCONSpring.2017.8070013}, 
ISSN={}, 
month={July},}

@INPROCEEDINGS{8167050, 
author={M. J. C. Baculo and C. S. Marzan and R. de Dios Bulos and C. Ruiz}, 
booktitle={2017 2nd IEEE International Conference on Computational Intelligence and Applications (ICCIA)}, 
title={Geospatial-temporal analysis and classification of criminal data in Manila}, 
year={2017}, 
volume={}, 
number={}, 
pages={6-11}, 
keywords={data analysis;estimation theory;geographic information systems;law administration;pattern classification;police data processing;ArcGIS 10;Manila;crime patterns;crime prediction;criminal activity forecasting;criminal data classification;geospatial analysis;kernel density estimation;law enforcement agencies;spatiotemporal hotspots;temporal analysis;Algorithm design and analysis;Classification algorithms;Data mining;Geospatial analysis;Law enforcement;Prediction algorithms;Urban areas;classifiers;crime analysis;predictive methods}, 
doi={10.1109/CIAPP.2017.8167050}, 
ISSN={}, 
month={Sept},}